
<record>
  <leader>00780cam a22002295a 4500</leader>
  <controlfield tag="001">30996</controlfield>
  <controlfield tag="005">20200102114757.0</controlfield>
  <controlfield tag="008">900314s1989    ne a     c    000 0 eng  </controlfield>
  <datafield tag="906" ind1=" " ind2=" ">
    <subfield code="a">7</subfield>
    <subfield code="b">ibc</subfield>
    <subfield code="c">orignew</subfield>
    <subfield code="d">3</subfield>
    <subfield code="e">ncip</subfield>
    <subfield code="f">19</subfield>
    <subfield code="g">y-gencatlg</subfield>
  </datafield>
  <datafield tag="955" ind1=" " ind2=" ">
    <subfield code="a">rb07;rc09; ep68 08-01-90;ea27 to SCD 08-31-90; fc21 09-06-90</subfield>
  </datafield>
  <datafield tag="035" ind1=" " ind2=" ">
    <subfield code="9">(DLC)   90130646</subfield>
  </datafield>
  <datafield tag="010" ind1=" " ind2=" ">
    <subfield code="a">   90130646 </subfield>
  </datafield>
  <datafield tag="020" ind1=" " ind2=" ">
    <subfield code="a">9012063396 :</subfield>
    <subfield code="c">fl84.81</subfield>
  </datafield>
  <datafield tag="040" ind1=" " ind2=" ">
    <subfield code="a">DLC</subfield>
    <subfield code="c">DLC</subfield>
  </datafield>
  <datafield tag="050" ind1="0" ind2="0">
    <subfield code="a">IN PROCESS (ONLINE)</subfield>
  </datafield>
  <datafield tag="100" ind1="0" ind2=" ">
    <subfield code="a">Armando,</subfield>
    <subfield code="d">1929-2018.</subfield>
  </datafield>
  <datafield tag="245" ind1="1" ind2="0">
    <subfield code="a">Armando :</subfield>
    <subfield code="b">the Berlin years /</subfield>
    <subfield code="c">with an essay by Günther Gercken.</subfield>
  </datafield>
  <datafield tag="260" ind1=" " ind2=" ">
    <subfield code="a">The Hague :</subfield>
    <subfield code="b">SDU Publishers,</subfield>
    <subfield code="c">1989.</subfield>
  </datafield>
  <datafield tag="300" ind1=" " ind2=" ">
    <subfield code="a">148 p. :</subfield>
    <subfield code="b">ill. (some col.) ;</subfield>
    <subfield code="c">29 cm.</subfield>
  </datafield>
  <datafield tag="600" ind1="0" ind2="0">
    <subfield code="a">Armando,</subfield>
    <subfield code="d">1929-2018</subfield>
    <subfield code="x">Catalogs.</subfield>
  </datafield>
  <datafield tag="700" ind1="1" ind2=" ">
    <subfield code="a">Gercken, Günther.</subfield>
  </datafield>
  <datafield tag="922" ind1=" " ind2=" ">
    <subfield code="a">ap;</subfield>
    <subfield code="a">invoice no.255026 dtd 4-9-90.</subfield>
  </datafield>
</record>