
<record>
  <leader>00907cam a2200217 a 4500</leader>
  <controlfield tag="001">235314</controlfield>
  <controlfield tag="005">20200102142307.0</controlfield>
  <controlfield tag="008">990512s1975    ru            000 1 ruso </controlfield>
  <datafield tag="906" ind1=" " ind2=" ">
    <subfield code="a">7</subfield>
    <subfield code="b">cbc</subfield>
    <subfield code="c">orignew</subfield>
    <subfield code="d">4</subfield>
    <subfield code="e">ncip</subfield>
    <subfield code="f">19</subfield>
    <subfield code="g">y-gencatlg</subfield>
  </datafield>
  <datafield tag="925" ind1="0" ind2=" ">
    <subfield code="a">Acquire</subfield>
    <subfield code="b">1 shelf copy</subfield>
    <subfield code="x">policy default</subfield>
  </datafield>
  <datafield tag="955" ind1=" " ind2=" ">
    <subfield code="a">ok10 05-12-99 ok21 09-15-00 to HLCD; le04 03-09-01; le28 to BCCD 03-13-01</subfield>
  </datafield>
  <datafield tag="035" ind1=" " ind2=" ">
    <subfield code="9">(DLC)   99205922</subfield>
  </datafield>
  <datafield tag="010" ind1=" " ind2=" ">
    <subfield code="a">   99205922 </subfield>
  </datafield>
  <datafield tag="040" ind1=" " ind2=" ">
    <subfield code="a">DLC</subfield>
    <subfield code="c">DLC</subfield>
    <subfield code="d">DLC</subfield>
  </datafield>
  <datafield tag="050" ind1="0" ind2="0">
    <subfield code="a">PG3479.Z48</subfield>
    <subfield code="b">V74 1975</subfield>
  </datafield>
  <datafield tag="100" ind1="1" ind2=" ">
    <subfield code="a">Bazhenov, Georgiĭ.</subfield>
  </datafield>
  <datafield tag="245" ind1="1" ind2="0">
    <subfield code="a">Vremi︠a︡ tvoeĭ zhizni :</subfield>
    <subfield code="b">[povesti i rasskazy] /</subfield>
    <subfield code="c">Georgiĭ Bazhenov.</subfield>
  </datafield>
  <datafield tag="260" ind1=" " ind2=" ">
    <subfield code="a">Novosibirsk :</subfield>
    <subfield code="b">Zapadno-Sibirskoe knizhnoe izd-vo,</subfield>
    <subfield code="c">1975.</subfield>
  </datafield>
  <datafield tag="300" ind1=" " ind2=" ">
    <subfield code="a">208 p. ;</subfield>
    <subfield code="c">18 cm.</subfield>
  </datafield>
  <datafield tag="440" ind1=" " ind2="0">
    <subfield code="a">Molodai︠a︡ proza Sibiri</subfield>
  </datafield>
  <datafield tag="505" ind1="0" ind2=" ">
    <subfield code="a">I︢A︡bloko razdora -- Osenʹi︠u︡ v shkolu -- Vremi︠a︡ tvoeĭ zhizni --Khoroshie moi devochki --Tretiĭ dolzhen uĭti -- Drugu smotri v glaza.</subfield>
  </datafield>
</record>