
<record>
  <leader>01351cam a22003255a 4500</leader>
  <controlfield tag="001">253348</controlfield>
  <controlfield tag="005">20200102091034.0</controlfield>
  <controlfield tag="008">990715s1994    ai       b    001 0 armo </controlfield>
  <datafield tag="906" ind1=" " ind2=" ">
    <subfield code="a">7</subfield>
    <subfield code="b">ibc</subfield>
    <subfield code="c">origode</subfield>
    <subfield code="d">3</subfield>
    <subfield code="e">ncip</subfield>
    <subfield code="f">19</subfield>
    <subfield code="g">y-gencatlg</subfield>
  </datafield>
  <datafield tag="925" ind1="0" ind2=" ">
    <subfield code="a">acquire</subfield>
    <subfield code="b">1 shelf copy</subfield>
    <subfield code="x">policy default</subfield>
  </datafield>
  <datafield tag="955" ind1=" " ind2=" ">
    <subfield code="a">we32 06-24-99</subfield>
    <subfield code="u">cd24 2020-01-02</subfield>
  </datafield>
  <datafield tag="035" ind1=" " ind2=" ">
    <subfield code="9">(DLC)   99906108</subfield>
  </datafield>
  <datafield tag="010" ind1=" " ind2=" ">
    <subfield code="a">   99906108 </subfield>
  </datafield>
  <datafield tag="040" ind1=" " ind2=" ">
    <subfield code="a">DLC</subfield>
    <subfield code="c">DLC</subfield>
  </datafield>
  <datafield tag="042" ind1=" " ind2=" ">
    <subfield code="a">lcode</subfield>
  </datafield>
  <datafield tag="043" ind1=" " ind2=" ">
    <subfield code="a">a-ir---</subfield>
  </datafield>
  <datafield tag="050" ind1="0" ind2="0">
    <subfield code="a">IN PROCESS</subfield>
  </datafield>
  <datafield tag="100" ind1="1" ind2=" ">
    <subfield code="a">Khachʻikyan, Sh. L.</subfield>
    <subfield code="q">(Shushanik Levoni)</subfield>
  </datafield>
  <datafield tag="245" ind1="1" ind2="0">
    <subfield code="a">Shahvelu ordi Sarhadi hashvematyaně /</subfield>
    <subfield code="c">ashkhatasirutʻyamb Sh.L. Khachʻikyani.</subfield>
  </datafield>
  <datafield tag="246" ind1="1" ind2="5">
    <subfield code="a">Torgovyĭ dnevnik Sarkhata syna Sakhvelii︠a︡</subfield>
  </datafield>
  <datafield tag="260" ind1=" " ind2=" ">
    <subfield code="a">Erevan :</subfield>
    <subfield code="b">HH GAA &quot;Gitutʻyun&quot; Hratarakchʻutʻyun ;</subfield>
    <subfield code="a">Ann Arbor :</subfield>
    <subfield code="b">distributed by ATC Books International,</subfield>
    <subfield code="c">1994.</subfield>
  </datafield>
  <datafield tag="300" ind1=" " ind2=" ">
    <subfield code="a">186 p. ;</subfield>
    <subfield code="c">26 cm.</subfield>
  </datafield>
  <datafield tag="490" ind1="0" ind2=" ">
    <subfield code="a">Tntesakan patmutʻyan vaveragrer ;</subfield>
    <subfield code="v">b</subfield>
  </datafield>
  <datafield tag="500" ind1=" " ind2=" ">
    <subfield code="a">At head of title: &quot;Matenadaran&quot;, Hayastani Hanrapetutʻyan Nakhararneri Khorhrdin Aṛěntʻer Mashtotsʻi Anvan Hin Dzeṛagreri Institut.</subfield>
  </datafield>
  <datafield tag="504" ind1=" " ind2=" ">
    <subfield code="a">includes bibliographical references and indexes.</subfield>
  </datafield>
  <datafield tag="651" ind1=" " ind2="4">
    <subfield code="a">Julfa (Iṣfahān, Iran)</subfield>
    <subfield code="x">Commerce</subfield>
    <subfield code="x">History.</subfield>
  </datafield>
  <datafield tag="650" ind1=" " ind2="4">
    <subfield code="a">Armenians</subfield>
    <subfield code="x">Commerce</subfield>
    <subfield code="z">Iran</subfield>
    <subfield code="z">Iṣfahān</subfield>
    <subfield code="x">History.</subfield>
  </datafield>
  <datafield tag="710" ind1="2" ind2=" ">
    <subfield code="a">Mashtotsʻi Anvan Hin Dzeṛagreri Institut Matenadaran.</subfield>
  </datafield>
  <datafield tag="922" ind1=" " ind2=" ">
    <subfield code="a">ax</subfield>
  </datafield>
  <datafield tag="985" ind1=" " ind2=" ">
    <subfield code="e">APIF/ODE-ca</subfield>
  </datafield>
</record>