
<record>
  <leader>01516cam a2200277 a 4500</leader>
  <controlfield tag="001">458286</controlfield>
  <controlfield tag="005">20200102123720.0</controlfield>
  <controlfield tag="008">821021s1936    fr af         000 0 fre  </controlfield>
  <datafield tag="906" ind1=" " ind2=" ">
    <subfield code="a">7</subfield>
    <subfield code="b">cbc</subfield>
    <subfield code="c">orignew</subfield>
    <subfield code="d">2</subfield>
    <subfield code="e">ncip</subfield>
    <subfield code="f">19</subfield>
    <subfield code="g">y-gencatlg</subfield>
  </datafield>
  <datafield tag="035" ind1=" " ind2=" ">
    <subfield code="9">(DLC)   82466498</subfield>
  </datafield>
  <datafield tag="010" ind1=" " ind2=" ">
    <subfield code="a">   82466498 </subfield>
  </datafield>
  <datafield tag="040" ind1=" " ind2=" ">
    <subfield code="a">DLC</subfield>
    <subfield code="b">eng</subfield>
    <subfield code="c">DLC</subfield>
    <subfield code="d">DLC</subfield>
  </datafield>
  <datafield tag="050" ind1="0" ind2="0">
    <subfield code="a">PQ2637.U2</subfield>
    <subfield code="b">C57 1936</subfield>
  </datafield>
  <datafield tag="082" ind1="0" ind2="0">
    <subfield code="a">848/.91207</subfield>
    <subfield code="2">19</subfield>
  </datafield>
  <datafield tag="100" ind1="1" ind2=" ">
    <subfield code="a">Suarès, André,</subfield>
    <subfield code="d">1868-1948.</subfield>
  </datafield>
  <datafield tag="245" ind1="1" ind2="0">
    <subfield code="a">Cirque /</subfield>
    <subfield code="c">André Suarès ; eaux-fortes originales et dessins gravés sur bois de Georges Rouault.</subfield>
  </datafield>
  <datafield tag="260" ind1=" " ind2=" ">
    <subfield code="a">Paris :</subfield>
    <subfield code="b">A. Vollard,</subfield>
    <subfield code="c">1936.</subfield>
  </datafield>
  <datafield tag="300" ind1=" " ind2=" ">
    <subfield code="a">77 p., [14] leaves of plates :</subfield>
    <subfield code="b">ill. (some col.) ;</subfield>
    <subfield code="c">47 cm.</subfield>
  </datafield>
  <datafield tag="500" ind1=" " ind2=" ">
    <subfield code="a">&quot;Unpublished by Vollard ... An unusual number of maquettes exist due, in part, to the changes in both text and illustrations dating from 1931 to 1939&quot;--Ambroise Vollard, éditeur / U.E. Johnson. c1977, p. 165, no. 202.</subfield>
  </datafield>
  <datafield tag="590" ind1=" " ind2=" ">
    <subfield code="a">LC Copy: Bound for Lessing Rosenwald by the Lakeside Press. Includes 8 col. aquatints, 6 of them with a black-and-white aquatint of the same subject. The bound vol. lacks p. 51-54 and 73-74. Two folded sheets laid in the vol. comprise: a t.p. dated 1939, p. [51-54] (51 and 53 numbered in ms.), and a blank leaf.</subfield>
  </datafield>
  <datafield tag="700" ind1="1" ind2=" ">
    <subfield code="a">Rouault, Georges,</subfield>
    <subfield code="d">1871-1958.</subfield>
  </datafield>
  <datafield tag="710" ind1="2" ind2=" ">
    <subfield code="a">Lessing J. Rosenwald Collection (Library of Congress)</subfield>
    <subfield code="5">DLC</subfield>
  </datafield>
  <datafield tag="952" ind1=" " ind2=" ">
    <subfield code="a">LAC sba 2020-01-02 update (1 card)</subfield>
  </datafield>
  <datafield tag="984" ind1=" " ind2=" ">
    <subfield code="a">rsl</subfield>
    <subfield code="d">2020-01-02</subfield>
  </datafield>
  <datafield tag="985" ind1=" " ind2=" ">
    <subfield code="a">rblacfederal</subfield>
    <subfield code="d">20200102</subfield>
  </datafield>
  <datafield tag="991" ind1=" " ind2=" ">
    <subfield code="b">c-GenColl</subfield>
    <subfield code="h">PQ2637.U2</subfield>
    <subfield code="i">C57 1936 Rosenwald Coll</subfield>
    <subfield code="t">Copy 1</subfield>
    <subfield code="w">BOOKS</subfield>
  </datafield>
</record>