
<record>
  <leader>01938cam a2200397 a 4500</leader>
  <controlfield tag="001">587005</controlfield>
  <controlfield tag="005">20200102143210.0</controlfield>
  <controlfield tag="008">900417s1950    fr a          000 0 fre  </controlfield>
  <datafield tag="906" ind1=" " ind2=" ">
    <subfield code="a">7</subfield>
    <subfield code="b">cbc</subfield>
    <subfield code="c">orignew</subfield>
    <subfield code="d">2</subfield>
    <subfield code="e">ncip</subfield>
    <subfield code="f">19</subfield>
    <subfield code="g">y-gencatlg</subfield>
  </datafield>
  <datafield tag="955" ind1=" " ind2=" ">
    <subfield code="a">qr01 input 04-17-90; sent to SpecMat 04-18-90; vj46 04-18-90; SCD notified 6/13/90; fd11 10-22-90</subfield>
  </datafield>
  <datafield tag="035" ind1=" " ind2=" ">
    <subfield code="9">(DLC)   90145498</subfield>
  </datafield>
  <datafield tag="010" ind1=" " ind2=" ">
    <subfield code="a">   90145498 </subfield>
  </datafield>
  <datafield tag="040" ind1=" " ind2=" ">
    <subfield code="a">DLC</subfield>
    <subfield code="c">DLC</subfield>
    <subfield code="d">DLC</subfield>
  </datafield>
  <datafield tag="050" ind1="0" ind2="0">
    <subfield code="a">PQ2639.Z3</subfield>
    <subfield code="b">P3 1950</subfield>
  </datafield>
  <datafield tag="082" ind1="0" ind2="0">
    <subfield code="a">841/.912</subfield>
    <subfield code="2">20</subfield>
  </datafield>
  <datafield tag="100" ind1="1" ind2=" ">
    <subfield code="a">Tzara, Tristan,</subfield>
    <subfield code="d">1896-1963.</subfield>
  </datafield>
  <datafield tag="245" ind1="1" ind2="0">
    <subfield code="a">Parler seul :</subfield>
    <subfield code="b">poème /</subfield>
    <subfield code="c">Tristan Tzara ; lithographies de Joan Miró.</subfield>
  </datafield>
  <datafield tag="260" ind1=" " ind2=" ">
    <subfield code="a">[Paris] :</subfield>
    <subfield code="b">Maeght,</subfield>
    <subfield code="c">1948-1950 [i.e. 1950]</subfield>
  </datafield>
  <datafield tag="300" ind1=" " ind2=" ">
    <subfield code="a">111, [6] p. :</subfield>
    <subfield code="b">col. ill. ;</subfield>
    <subfield code="c">39 cm.</subfield>
  </datafield>
  <datafield tag="500" ind1=" " ind2=" ">
    <subfield code="a">Issued in loose sections in a decorated paper cover, in a decorated slipcase.</subfield>
  </datafield>
  <datafield tag="500" ind1=" " ind2=" ">
    <subfield code="a">&quot;Il a été tiré de cet ouvrage 250 exemplaires signés par l&apos;auteur et l&apos;illustrateur dont 20 sur vélin de montval numérotés de 1 à 20, 30 sur vélin d&apos;arches numérotés de 21 à 50 et 200 sur malacca pur chiffon numérotés de 51 á 250. Il a été tiré en outre 3 exemplaires réservés à l&apos;auteur, à l&apos;illustrateur et à l&apos;éditeur&quot;--P. [115].</subfield>
  </datafield>
  <datafield tag="510" ind1="4" ind2=" ">
    <subfield code="a">Artist and the book,</subfield>
    <subfield code="c">206</subfield>
  </datafield>
  <datafield tag="510" ind1="4" ind2=" ">
    <subfield code="a">Strachan, W.J.  Artist and the book in France,</subfield>
    <subfield code="c">p. 126 and 339</subfield>
  </datafield>
  <datafield tag="510" ind1="4" ind2=" ">
    <subfield code="a">Harwood, L.  Tzara,</subfield>
    <subfield code="c">42</subfield>
  </datafield>
  <datafield tag="500" ind1=" " ind2=" ">
    <subfield code="a">Library of Congress has copy no. 182.</subfield>
    <subfield code="5">DLC</subfield>
  </datafield>
  <datafield tag="655" ind1=" " ind2="7">
    <subfield code="a">Artists&apos; books</subfield>
    <subfield code="z">France</subfield>
    <subfield code="z">Paris</subfield>
    <subfield code="y">1950.</subfield>
    <subfield code="2">rbgenr</subfield>
  </datafield>
  <datafield tag="700" ind1="1" ind2=" ">
    <subfield code="a">Miró, Joan,</subfield>
    <subfield code="d">1893-1983.</subfield>
  </datafield>
  <datafield tag="710" ind1="2" ind2=" ">
    <subfield code="a">Artists&apos; Books Collection (Library of Congress)</subfield>
    <subfield code="5">DLC</subfield>
  </datafield>
  <datafield tag="922" ind1=" " ind2=" ">
    <subfield code="a">ap</subfield>
  </datafield>
  <datafield tag="952" ind1=" " ind2=" ">
    <subfield code="a">Publication date from Strachan and Harwood</subfield>
  </datafield>
  <datafield tag="952" ind1=" " ind2=" ">
    <subfield code="a">*fr01 135 11-27-90</subfield>
  </datafield>
  <datafield tag="952" ind1=" " ind2=" ">
    <subfield code="a">LAC sba 2020-01-02 no edits (2 cards)</subfield>
  </datafield>
  <datafield tag="984" ind1=" " ind2=" ">
    <subfield code="a">rsl</subfield>
    <subfield code="d">2020-01-02</subfield>
  </datafield>
  <datafield tag="985" ind1=" " ind2=" ">
    <subfield code="a">rblacfederal</subfield>
    <subfield code="d">20200102</subfield>
  </datafield>
  <datafield tag="985" ind1=" " ind2=" ">
    <subfield code="a">rarebk/artbk</subfield>
    <subfield code="e">rbc</subfield>
  </datafield>
  <datafield tag="991" ind1=" " ind2=" ">
    <subfield code="b">c-RareBook</subfield>
    <subfield code="h">PQ2639.Z3</subfield>
    <subfield code="i">P3 1950</subfield>
    <subfield code="t">Copy 1</subfield>
    <subfield code="m">Artists&apos; Bks Coll : fol.</subfield>
    <subfield code="w">BOOKS</subfield>
  </datafield>
</record>