
<record>
  <leader>01114cam a2200289 a 4500</leader>
  <controlfield tag="001">678353</controlfield>
  <controlfield tag="005">20200102153820.0</controlfield>
  <controlfield tag="008">950417s1991    pl a          000 0 pol  </controlfield>
  <datafield tag="906" ind1=" " ind2=" ">
    <subfield code="a">7</subfield>
    <subfield code="b">cbc</subfield>
    <subfield code="c">orignew</subfield>
    <subfield code="d">3</subfield>
    <subfield code="e">ncip</subfield>
    <subfield code="f">19</subfield>
    <subfield code="g">y-gencatlg</subfield>
  </datafield>
  <datafield tag="955" ind1=" " ind2=" ">
    <subfield code="a">rb12 04-17-95; rc10 07-24-95; ub05 08-21-95 to HLCD; le19 02-21-96; le03 04-03-96; le02 04-09-96</subfield>
  </datafield>
  <datafield tag="035" ind1=" " ind2=" ">
    <subfield code="9">(DLC)   95141898</subfield>
  </datafield>
  <datafield tag="010" ind1=" " ind2=" ">
    <subfield code="a">   95141898 </subfield>
  </datafield>
  <datafield tag="020" ind1=" " ind2=" ">
    <subfield code="a">8385195017</subfield>
  </datafield>
  <datafield tag="040" ind1=" " ind2=" ">
    <subfield code="a">DLC</subfield>
    <subfield code="c">DLC</subfield>
  </datafield>
  <datafield tag="043" ind1=" " ind2=" ">
    <subfield code="a">e-pl---</subfield>
  </datafield>
  <datafield tag="050" ind1="0" ind2="0">
    <subfield code="a">DK4390</subfield>
    <subfield code="b">.O23 1991</subfield>
  </datafield>
  <datafield tag="245" ind1="0" ind2="0">
    <subfield code="a">O niepodległość i granice :</subfield>
    <subfield code="b">1914-1921 /</subfield>
    <subfield code="c">wstęp Zbigniew Wójcik ; noty historyczne Andrzej Friszke.</subfield>
  </datafield>
  <datafield tag="250" ind1=" " ind2=" ">
    <subfield code="a">Wyd. 1.</subfield>
  </datafield>
  <datafield tag="260" ind1=" " ind2=" ">
    <subfield code="a">Warszawa :</subfield>
    <subfield code="b">Editions Spotkania,</subfield>
    <subfield code="c">1991.</subfield>
  </datafield>
  <datafield tag="300" ind1=" " ind2=" ">
    <subfield code="a">263 p. :</subfield>
    <subfield code="b">chiefly ill. ;</subfield>
    <subfield code="c">27 cm.</subfield>
  </datafield>
  <datafield tag="651" ind1=" " ind2="0">
    <subfield code="a">Poland</subfield>
    <subfield code="x">History</subfield>
    <subfield code="y">German occupation, 1914-1918</subfield>
    <subfield code="x">Pictorial works.</subfield>
  </datafield>
  <datafield tag="651" ind1=" " ind2="0">
    <subfield code="a">Poland</subfield>
    <subfield code="x">History</subfield>
    <subfield code="y">Austrian occupation, 1915-1918</subfield>
    <subfield code="x">Pictorial works.</subfield>
  </datafield>
  <datafield tag="651" ind1=" " ind2="0">
    <subfield code="a">Poland</subfield>
    <subfield code="x">History</subfield>
    <subfield code="y">Wars of 1918-1921</subfield>
    <subfield code="x">Pictorial works.</subfield>
  </datafield>
  <datafield tag="700" ind1="1" ind2=" ">
    <subfield code="a">Wójcik, Zbigniew,</subfield>
    <subfield code="d">1922-2014.</subfield>
  </datafield>
  <datafield tag="700" ind1="1" ind2=" ">
    <subfield code="a">Friszke, Andrzej.</subfield>
  </datafield>
  <datafield tag="922" ind1=" " ind2=" ">
    <subfield code="a">ap</subfield>
  </datafield>
  <datafield tag="991" ind1=" " ind2=" ">
    <subfield code="b">c-GenColl</subfield>
    <subfield code="h">DK4390</subfield>
    <subfield code="i">.O23 1991</subfield>
    <subfield code="t">Copy 1</subfield>
    <subfield code="w">BOOKS</subfield>
  </datafield>
</record>