
<record>
  <leader>02609cam a2200373   4500</leader>
  <controlfield tag="001">749752</controlfield>
  <controlfield tag="005">20200102083320.0</controlfield>
  <controlfield tag="008">890518m19509999lb            001 0 arar </controlfield>
  <datafield tag="906" ind1=" " ind2=" ">
    <subfield code="a">7</subfield>
    <subfield code="b">cbc</subfield>
    <subfield code="c">orignew</subfield>
    <subfield code="d">1</subfield>
    <subfield code="e">ocip</subfield>
    <subfield code="f">19</subfield>
    <subfield code="g">y-gencatlg</subfield>
  </datafield>
  <datafield tag="955" ind1=" " ind2=" ">
    <subfield code="s">cm11 2020-01-02 Copy 2 (qism 1. Arslān - al-ʻAẓm, qism 2. al-ʻAqqād - Yanī) to surplus</subfield>
    <subfield code="t">cm11 2020-01-02 (added vol. 4)</subfield>
    <subfield code="s">cm11 2020-01-02 copy 2  (juzʼ 2., qism 1. al-Rāḥilūn, 1800-1955 to surplus</subfield>
  </datafield>
  <datafield tag="010" ind1=" " ind2=" ">
    <subfield code="a">   59034985 </subfield>
  </datafield>
  <datafield tag="035" ind1=" " ind2=" ">
    <subfield code="9">(DLC)   59034985</subfield>
  </datafield>
  <datafield tag="040" ind1=" " ind2=" ">
    <subfield code="a">DLC</subfield>
    <subfield code="c">DLC</subfield>
    <subfield code="d">DLC</subfield>
  </datafield>
  <datafield tag="050" ind1="0" ind2="0">
    <subfield code="a">PJ7521</subfield>
    <subfield code="b">.D3</subfield>
  </datafield>
  <datafield tag="100" ind1="1" ind2=" ">
    <subfield code="a">Dāghir, Yūsuf Asʻad.</subfield>
  </datafield>
  <datafield tag="245" ind1="1" ind2="0">
    <subfield code="a">Maṣādir al-dirāsāt al-adabīyah, wafqān li-manāhij al-taʻlīm al-rasmīyah.</subfield>
    <subfield code="b">Lubnān, Sūriyā, al-ʻIrāq, Miṣr.</subfield>
    <subfield code="c">Taʼlīf Yūsuf Asʻad Dāghir.</subfield>
  </datafield>
  <datafield tag="260" ind1=" " ind2=" ">
    <subfield code="a">Sayḍā, Lubnān,</subfield>
    <subfield code="b">Maṭbaʻat Dayr al-Mukhliṣ,</subfield>
    <subfield code="c">[1950]-&lt;1983&gt;</subfield>
  </datafield>
  <datafield tag="300" ind1=" " ind2=" ">
    <subfield code="a">4 v. in 6.</subfield>
    <subfield code="c">26 cm.</subfield>
  </datafield>
  <datafield tag="490" ind1="1" ind2=" ">
    <subfield code="a">Manshūrāt al-Jāmiʻah al-Lubnānīyah. Qism al-Dirāsāt al-Adabīyah ;</subfield>
    <subfield code="v">7</subfield>
  </datafield>
  <datafield tag="500" ind1=" " ind2=" ">
    <subfield code="a">Vol. 1 has cover title: Éléments de bio-bibliographie de la littérature arabe, conforme aux programmes officiels de l&apos;enseignement: Liban, Syrie, Iraq, Égypte; v. 3, cover title: Éléments de bio-bibliographie de la litlérature arabe moderne.</subfield>
  </datafield>
  <datafield tag="500" ind1=" " ind2=" ">
    <subfield code="a">Vol. 3 has series statement: Manshūrāt al-Jāmiʻah al-Lubnānīyah, Qism al-Dirāsāt al-Adabīyah.</subfield>
  </datafield>
  <datafield tag="500" ind1=" " ind2=" ">
    <subfield code="a">Vol. 2 was not completed; cf. v. 3, pt. 1, author&apos;s pref., p. 15.</subfield>
  </datafield>
  <datafield tag="590" ind1=" " ind2=" ">
    <subfield code="a">L.C. set includes 2 issues of v. 1, issued in Saida, 1950, and in Beirut, 1961, respectively.</subfield>
  </datafield>
  <datafield tag="500" ind1=" " ind2=" ">
    <subfield code="a">Includes indexes.</subfield>
  </datafield>
  <datafield tag="505" ind1="1" ind2=" ">
    <subfield code="a">juzʼ1. Min al-ʻaṣr al-Jāhilī ilá ʻaṣr al-nahḍah (2 v.)--juzʼ 2., qism 1. al-Rāḥilūn, 1800-1955 -- juzʼ 3. al-Rāḥilūn, 1800-1972 -- qism 1. Arslān - al-ʻAẓm -- qism 2. al-ʻAqqād - Yanī (2 v.) -- juzʼ 4. Aʻlām al-nahḍah, al-qarnān al-tāsiʻ ʻashar wa-al-ʻishrūn.</subfield>
  </datafield>
  <datafield tag="650" ind1=" " ind2="0">
    <subfield code="a">Arabic literature</subfield>
    <subfield code="v">Bio-bibliography.</subfield>
  </datafield>
  <datafield tag="740" ind1="0" ind2=" ">
    <subfield code="a">Éléments de bio-bibliographie de la littérature arabe, conforme aux programmes officiels de l&apos;enseignement.</subfield>
  </datafield>
  <datafield tag="830" ind1=" " ind2="0">
    <subfield code="a">Manshūrāt Jāmiʻat al-Lubnānīyah. Qism al-Dirāsāt al-Adabīyah ;</subfield>
    <subfield code="v">7.</subfield>
  </datafield>
  <datafield tag="952" ind1=" " ind2=" ">
    <subfield code="a">Form AACR 2: bt96 1/24/89.</subfield>
  </datafield>
  <datafield tag="991" ind1=" " ind2=" ">
    <subfield code="b">c-AMED</subfield>
    <subfield code="h">PJ7521</subfield>
    <subfield code="i">.D3</subfield>
    <subfield code="t">Copy 1</subfield>
    <subfield code="m">Arab</subfield>
    <subfield code="w">BOOKS</subfield>
  </datafield>
  <datafield tag="991" ind1=" " ind2=" ">
    <subfield code="b">c-AMED</subfield>
    <subfield code="h">PJ7521</subfield>
    <subfield code="i">.D3</subfield>
    <subfield code="p">00017040261</subfield>
    <subfield code="t">Copy 3</subfield>
    <subfield code="m">Arab</subfield>
    <subfield code="v">1</subfield>
    <subfield code="w">CCF</subfield>
  </datafield>
  <datafield tag="991" ind1=" " ind2=" ">
    <subfield code="b">c-AMED</subfield>
    <subfield code="h">PJ7521</subfield>
    <subfield code="i">.D3</subfield>
    <subfield code="p">00017132891</subfield>
    <subfield code="t">Copy 2</subfield>
    <subfield code="m">Arab</subfield>
    <subfield code="v">3:1</subfield>
    <subfield code="w">CCF</subfield>
  </datafield>
  <datafield tag="991" ind1=" " ind2=" ">
    <subfield code="b">c-AMED</subfield>
    <subfield code="h">PJ7521</subfield>
    <subfield code="i">.D3</subfield>
    <subfield code="p">00017132854</subfield>
    <subfield code="t">Copy 2</subfield>
    <subfield code="m">Arab</subfield>
    <subfield code="v">3:2</subfield>
    <subfield code="w">CCF</subfield>
  </datafield>
  <datafield tag="991" ind1=" " ind2=" ">
    <subfield code="b">r-NrEastRe</subfield>
    <subfield code="h">PJ7521</subfield>
    <subfield code="i">.D3</subfield>
    <subfield code="t">Copy 999</subfield>
    <subfield code="w">GenBib bi 99-007545</subfield>
  </datafield>
</record>