
<record>
  <leader>01221cam a2200337 a 4500</leader>
  <controlfield tag="001">947774</controlfield>
  <controlfield tag="005">20200102163251.0</controlfield>
  <controlfield tag="008">830208s1981    xr a          000 0 cze  </controlfield>
  <datafield tag="906" ind1=" " ind2=" ">
    <subfield code="a">7</subfield>
    <subfield code="b">cbc</subfield>
    <subfield code="c">orignew</subfield>
    <subfield code="d">4</subfield>
    <subfield code="e">ncip</subfield>
    <subfield code="f">19</subfield>
    <subfield code="g">y-gencatlg</subfield>
  </datafield>
  <datafield tag="010" ind1=" " ind2=" ">
    <subfield code="a">   83460085 </subfield>
  </datafield>
  <datafield tag="035" ind1=" " ind2=" ">
    <subfield code="9">(DLC)   83460085</subfield>
  </datafield>
  <datafield tag="040" ind1=" " ind2=" ">
    <subfield code="a">DLC</subfield>
    <subfield code="c">DLC</subfield>
    <subfield code="d">DLC</subfield>
  </datafield>
  <datafield tag="041" ind1="1" ind2=" ">
    <subfield code="a">czefre</subfield>
  </datafield>
  <datafield tag="050" ind1="0" ind2="0">
    <subfield code="a">PQ2601.P6</subfield>
    <subfield code="b">A53 1981</subfield>
  </datafield>
  <datafield tag="100" ind1="1" ind2=" ">
    <subfield code="a">Apollinaire, Guillaume,</subfield>
    <subfield code="d">1880-1918.</subfield>
  </datafield>
  <datafield tag="240" ind1="1" ind2="0">
    <subfield code="a">Poems.</subfield>
    <subfield code="k">Selections.</subfield>
    <subfield code="l">Czech</subfield>
  </datafield>
  <datafield tag="245" ind1="1" ind2="0">
    <subfield code="a">Píseň nemilovaného [a jiné písně] /</subfield>
    <subfield code="c">Guillaume Apollinaire ; [vybral a] přeložil Jaroslav Martinic ; ilustroval Martin Činovský.</subfield>
  </datafield>
  <datafield tag="250" ind1=" " ind2=" ">
    <subfield code="a">Vyd. 1.</subfield>
  </datafield>
  <datafield tag="260" ind1=" " ind2=" ">
    <subfield code="a">Praha :</subfield>
    <subfield code="b">Supraphon,</subfield>
    <subfield code="c">1981.</subfield>
  </datafield>
  <datafield tag="300" ind1=" " ind2=" ">
    <subfield code="a">117 p. :</subfield>
    <subfield code="b">col. ill. ;</subfield>
    <subfield code="c">75 mm.</subfield>
  </datafield>
  <datafield tag="440" ind1=" " ind2="0">
    <subfield code="a">Lyra Pragensis ;</subfield>
    <subfield code="v">sv. 46</subfield>
  </datafield>
  <datafield tag="600" ind1="1" ind2="0">
    <subfield code="a">Apollinaire, Guillaume,</subfield>
    <subfield code="d">1880-1918</subfield>
    <subfield code="x">Translations into Czech.</subfield>
  </datafield>
  <datafield tag="650" ind1=" " ind2="0">
    <subfield code="a">Miniature books</subfield>
    <subfield code="v">Specimens.</subfield>
  </datafield>
  <datafield tag="700" ind1="1" ind2=" ">
    <subfield code="a">Martinic, Jaroslav.</subfield>
  </datafield>
  <datafield tag="700" ind1="1" ind2=" ">
    <subfield code="a">Činovský, Martin.</subfield>
  </datafield>
  <datafield tag="952" ind1=" " ind2=" ">
    <subfield code="a">Over 30 poems.</subfield>
  </datafield>
  <datafield tag="952" ind1=" " ind2=" ">
    <subfield code="a">LAC sba 2020-01-02 no edits (1 card)</subfield>
  </datafield>
  <datafield tag="984" ind1=" " ind2=" ">
    <subfield code="a">rsl</subfield>
    <subfield code="d">2020-01-02</subfield>
  </datafield>
  <datafield tag="985" ind1=" " ind2=" ">
    <subfield code="a">rblacfederal</subfield>
    <subfield code="d">20200102</subfield>
  </datafield>
  <datafield tag="987" ind1=" " ind2=" ">
    <subfield code="b">RBSCDRECON</subfield>
    <subfield code="c">20200102</subfield>
    <subfield code="d">r</subfield>
    <subfield code="f">SPEC MAT</subfield>
  </datafield>
  <datafield tag="991" ind1=" " ind2=" ">
    <subfield code="b">c-SpecMat</subfield>
    <subfield code="h">PQ2601.P6</subfield>
    <subfield code="i">A53 1981</subfield>
    <subfield code="t">Copy 1</subfield>
    <subfield code="m">Min Case</subfield>
    <subfield code="w">BOOKS</subfield>
  </datafield>
</record>