
<record>
  <leader>01126cam a2200289 a 4500</leader>
  <controlfield tag="001">1023658</controlfield>
  <controlfield tag="005">20200102143305.0</controlfield>
  <controlfield tag="008">880111s1987    un a     b    000 0 ruso </controlfield>
  <datafield tag="906" ind1=" " ind2=" ">
    <subfield code="a">7</subfield>
    <subfield code="b">cbc</subfield>
    <subfield code="c">orignew</subfield>
    <subfield code="d">4</subfield>
    <subfield code="e">ncip</subfield>
    <subfield code="f">19</subfield>
    <subfield code="g">y-gencatlg</subfield>
  </datafield>
  <datafield tag="955" ind1=" " ind2=" ">
    <subfield code="a">xe11; ep39 08-01-88; ff06 08-15-88</subfield>
  </datafield>
  <datafield tag="010" ind1=" " ind2=" ">
    <subfield code="a">   88101835 </subfield>
  </datafield>
  <datafield tag="020" ind1=" " ind2=" ">
    <subfield code="c">3.30rub</subfield>
  </datafield>
  <datafield tag="035" ind1=" " ind2=" ">
    <subfield code="9">(DLC)   88101835</subfield>
  </datafield>
  <datafield tag="040" ind1=" " ind2=" ">
    <subfield code="a">DLC</subfield>
    <subfield code="c">DLC</subfield>
    <subfield code="d">DLC</subfield>
  </datafield>
  <datafield tag="050" ind1="0" ind2="0">
    <subfield code="a">SB205.S7</subfield>
    <subfield code="b">S517 1987</subfield>
  </datafield>
  <datafield tag="245" ind1="0" ind2="0">
    <subfield code="a">Soi︠a︡, genetika, selekt︠s︡ii︠a︡, semenovodstvo /</subfield>
    <subfield code="c">A.K. Leshchenko ... [et al.].</subfield>
  </datafield>
  <datafield tag="260" ind1=" " ind2=" ">
    <subfield code="a">Kiev :</subfield>
    <subfield code="b">Naukova dumka,</subfield>
    <subfield code="c">1987.</subfield>
  </datafield>
  <datafield tag="300" ind1=" " ind2=" ">
    <subfield code="a">255 p. :</subfield>
    <subfield code="b">ill. ;</subfield>
    <subfield code="c">23 cm.</subfield>
  </datafield>
  <datafield tag="500" ind1=" " ind2=" ">
    <subfield code="a">At head of title: Akademii︠a︡ nauk Ukrainskoĭ SSR. Institut molekuli︠a︡rnoĭ biologii i genetiki.</subfield>
  </datafield>
  <datafield tag="504" ind1=" " ind2=" ">
    <subfield code="a">Bibliography: p. 236-[254]</subfield>
  </datafield>
  <datafield tag="650" ind1=" " ind2="0">
    <subfield code="a">Soybean</subfield>
    <subfield code="x">Genetics.</subfield>
  </datafield>
  <datafield tag="650" ind1=" " ind2="0">
    <subfield code="a">Soybean</subfield>
    <subfield code="x">Breeding.</subfield>
  </datafield>
  <datafield tag="650" ind1=" " ind2="0">
    <subfield code="a">Soybean</subfield>
    <subfield code="x">Seeds.</subfield>
  </datafield>
  <datafield tag="700" ind1="1" ind2=" ">
    <subfield code="a">Leshchenko, A. K.</subfield>
    <subfield code="q">(Anastasii︠a︡ Kirillovna)</subfield>
  </datafield>
  <datafield tag="710" ind1="2" ind2=" ">
    <subfield code="a">Instytut molekuli︠a︡rnoï biolohiï i henetyky (Akademii︠a︡ nauk Ukraïnsʹkoï RSR)</subfield>
  </datafield>
  <datafield tag="922" ind1=" " ind2=" ">
    <subfield code="a">ax</subfield>
  </datafield>
  <datafield tag="991" ind1=" " ind2=" ">
    <subfield code="b">c-GenColl</subfield>
    <subfield code="h">SB205.S7</subfield>
    <subfield code="i">S517 1987</subfield>
    <subfield code="p">00004032342</subfield>
    <subfield code="t">Copy 1</subfield>
    <subfield code="w">BOOKS</subfield>
  </datafield>
</record>