
<record>
  <leader>01077cam a2200289 a 4500</leader>
  <controlfield tag="001">1208944</controlfield>
  <controlfield tag="005">20200102115547.0</controlfield>
  <controlfield tag="008">981019s1903    mau           000 0 eng  </controlfield>
  <datafield tag="906" ind1=" " ind2=" ">
    <subfield code="a">7</subfield>
    <subfield code="b">cbc</subfield>
    <subfield code="c">orignew</subfield>
    <subfield code="d">2</subfield>
    <subfield code="e">ncip</subfield>
    <subfield code="f">19</subfield>
    <subfield code="g">y-gencatlg</subfield>
  </datafield>
  <datafield tag="955" ind1=" " ind2=" ">
    <subfield code="a">vj15 07-14-98; vj05/kp 05-12-99</subfield>
  </datafield>
  <datafield tag="035" ind1=" " ind2=" ">
    <subfield code="9">(DLC)   98210895</subfield>
  </datafield>
  <datafield tag="010" ind1=" " ind2=" ">
    <subfield code="a">   98210895 </subfield>
  </datafield>
  <datafield tag="040" ind1=" " ind2=" ">
    <subfield code="a">DLC</subfield>
    <subfield code="c">DLC</subfield>
  </datafield>
  <datafield tag="050" ind1="0" ind2="0">
    <subfield code="a">PR4862</subfield>
    <subfield code="b">.D5 1903</subfield>
  </datafield>
  <datafield tag="100" ind1="1" ind2=" ">
    <subfield code="a">Lamb, Charles,</subfield>
    <subfield code="d">1775-1834.</subfield>
  </datafield>
  <datafield tag="245" ind1="1" ind2="2">
    <subfield code="a">A dissertation upon roast pig /</subfield>
    <subfield code="c">by Charles Lamb.</subfield>
  </datafield>
  <datafield tag="260" ind1=" " ind2=" ">
    <subfield code="a">Concord, Mass. :</subfield>
    <subfield code="b">Sign of the Vine,</subfield>
    <subfield code="c">[1903?]</subfield>
  </datafield>
  <datafield tag="300" ind1=" " ind2=" ">
    <subfield code="a">18 p. ;</subfield>
    <subfield code="c">16 cm.</subfield>
  </datafield>
  <datafield tag="500" ind1=" " ind2=" ">
    <subfield code="a">&quot;Arranged and put into type by Will Bradley&quot;--Colophon.</subfield>
  </datafield>
  <datafield tag="561" ind1=" " ind2=" ">
    <subfield code="a">LC copy formerly owned by Bruce Rogers.</subfield>
    <subfield code="5">DLC</subfield>
  </datafield>
  <datafield tag="700" ind1="1" ind2=" ">
    <subfield code="a">Bradley, Will,</subfield>
    <subfield code="d">1868-1962.</subfield>
  </datafield>
  <datafield tag="700" ind1="1" ind2=" ">
    <subfield code="a">Rogers, Bruce,</subfield>
    <subfield code="d">1870-1957,</subfield>
    <subfield code="e">former owner.</subfield>
  </datafield>
  <datafield tag="710" ind1="2" ind2=" ">
    <subfield code="a">Pforzheimer Bruce Rogers Collection (Library of Congress)</subfield>
    <subfield code="5">DLC</subfield>
  </datafield>
  <datafield tag="952" ind1=" " ind2=" ">
    <subfield code="a">LAC scc 2020-01-02 no edits (1 card)</subfield>
  </datafield>
  <datafield tag="984" ind1=" " ind2=" ">
    <subfield code="a">rsl</subfield>
    <subfield code="d">2020-01-02</subfield>
  </datafield>
  <datafield tag="985" ind1=" " ind2=" ">
    <subfield code="a">rblacfederal</subfield>
    <subfield code="d">20200102</subfield>
  </datafield>
  <datafield tag="991" ind1=" " ind2=" ">
    <subfield code="b">c-RareBook</subfield>
    <subfield code="h">PR4862</subfield>
    <subfield code="i">.D5 1903</subfield>
    <subfield code="t">Copy 1</subfield>
    <subfield code="m">Pforzheimer Rogers Coll</subfield>
    <subfield code="w">BOOKS</subfield>
  </datafield>
</record>