
<record>
  <leader>01375cam a2200325 a 4500</leader>
  <controlfield tag="001">1330078</controlfield>
  <controlfield tag="005">20200102153746.0</controlfield>
  <controlfield tag="008">781006s1971    pl       b    000 0 pol  </controlfield>
  <datafield tag="906" ind1=" " ind2=" ">
    <subfield code="a">7</subfield>
    <subfield code="b">cbc</subfield>
    <subfield code="c">orignew</subfield>
    <subfield code="d">4</subfield>
    <subfield code="e">ncip</subfield>
    <subfield code="f">19</subfield>
    <subfield code="g">y-gencatlg</subfield>
  </datafield>
  <datafield tag="035" ind1=" " ind2=" ">
    <subfield code="9">(DLC)   78371574</subfield>
  </datafield>
  <datafield tag="010" ind1=" " ind2=" ">
    <subfield code="a">   78371574 </subfield>
  </datafield>
  <datafield tag="040" ind1=" " ind2=" ">
    <subfield code="a">DLC</subfield>
    <subfield code="c">DLC</subfield>
    <subfield code="d">DLC</subfield>
  </datafield>
  <datafield tag="041" ind1="1" ind2=" ">
    <subfield code="a">polota</subfield>
  </datafield>
  <datafield tag="043" ind1=" " ind2=" ">
    <subfield code="a">e-pl---</subfield>
    <subfield code="a">e-ur-un</subfield>
  </datafield>
  <datafield tag="050" ind1="0" ind2="0">
    <subfield code="a">DK511.C7</subfield>
    <subfield code="b">S42716</subfield>
  </datafield>
  <datafield tag="100" ind1="1" ind2=" ">
    <subfield code="a">Senai, Kırımlı Hacı Mehmet.</subfield>
  </datafield>
  <datafield tag="240" ind1="1" ind2="0">
    <subfield code="a">Üçüncü İslâm Giray Han tarihi.</subfield>
    <subfield code="l">Polish &amp; Turkish</subfield>
  </datafield>
  <datafield tag="245" ind1="1" ind2="0">
    <subfield code="a">Historia Chana Islam Gereja III /</subfield>
    <subfield code="c">Hadży Mehmed Senai z Krymu ; tekst turecki wydał, przełożył i opracował Zygmunt Abrahamowicz ; uzupełniający komentarz historyczny Olgierd Górka i Zbigniew Wójcik ; pod red. naukową Zbigniewa Wójcika.</subfield>
  </datafield>
  <datafield tag="250" ind1=" " ind2=" ">
    <subfield code="a">Wyd. 1.</subfield>
  </datafield>
  <datafield tag="260" ind1=" " ind2=" ">
    <subfield code="a">Warszawa :</subfield>
    <subfield code="b">Państwowe Wydawn. Naukowe,</subfield>
    <subfield code="c">1971.</subfield>
  </datafield>
  <datafield tag="300" ind1=" " ind2=" ">
    <subfield code="a">202, [3], 71 p. ;</subfield>
    <subfield code="c">25 cm.</subfield>
  </datafield>
  <datafield tag="500" ind1=" " ind2=" ">
    <subfield code="a">Translation of Üçüncü İslâm Giray Han tarihi.</subfield>
  </datafield>
  <datafield tag="504" ind1=" " ind2=" ">
    <subfield code="a">Bibliography: p. 199-[203]</subfield>
  </datafield>
  <datafield tag="600" ind1="0" ind2="0">
    <subfield code="a">İslâm Giray</subfield>
    <subfield code="b">III,</subfield>
    <subfield code="c">Khan of the Crimea,</subfield>
    <subfield code="d">1604-1654.</subfield>
  </datafield>
  <datafield tag="651" ind1=" " ind2="0">
    <subfield code="a">Crimea (Ukraine)</subfield>
    <subfield code="x">History.</subfield>
  </datafield>
  <datafield tag="651" ind1=" " ind2="0">
    <subfield code="a">Poland</subfield>
    <subfield code="x">History</subfield>
    <subfield code="y">17th century.</subfield>
  </datafield>
  <datafield tag="700" ind1="1" ind2=" ">
    <subfield code="a">Abrahamowicz, Zygmunt.</subfield>
  </datafield>
  <datafield tag="700" ind1="1" ind2=" ">
    <subfield code="a">Górka, Olgierd,</subfield>
    <subfield code="d">1887-1955.</subfield>
  </datafield>
  <datafield tag="700" ind1="1" ind2=" ">
    <subfield code="a">Wójcik, Zbigniew,</subfield>
    <subfield code="d">1922-2014.</subfield>
  </datafield>
  <datafield tag="991" ind1=" " ind2=" ">
    <subfield code="b">c-GenColl</subfield>
    <subfield code="h">DK511.C7</subfield>
    <subfield code="i">S42716</subfield>
    <subfield code="p">00001973551</subfield>
    <subfield code="t">Copy 1</subfield>
    <subfield code="w">BOOKS</subfield>
  </datafield>
</record>