
<record>
  <leader>02544cam a2200505 a 4500</leader>
  <controlfield tag="001">1551873</controlfield>
  <controlfield tag="005">20200102092726.0</controlfield>
  <controlfield tag="008">910822s1850    enka          000 0 eng  </controlfield>
  <datafield tag="906" ind1=" " ind2=" ">
    <subfield code="a">7</subfield>
    <subfield code="b">cbc</subfield>
    <subfield code="c">orignew</subfield>
    <subfield code="d">1</subfield>
    <subfield code="e">ncip</subfield>
    <subfield code="f">19</subfield>
    <subfield code="g">y-gencatlg</subfield>
  </datafield>
  <datafield tag="955" ind1=" " ind2=" ">
    <subfield code="a">qr04 input 08-22-91; sent to SpecMat 08-28-91; vj05 09-11-91; SCD notified 09-18-91; hr06 10-01-91; fp29 01-13-92</subfield>
    <subfield code="c">vj21 2008-05-21</subfield>
    <subfield code="e">vj21 2008-05-23</subfield>
  </datafield>
  <datafield tag="010" ind1=" " ind2=" ">
    <subfield code="a">   91187104 </subfield>
    <subfield code="z">ltf91085943 </subfield>
  </datafield>
  <datafield tag="040" ind1=" " ind2=" ">
    <subfield code="a">DLC</subfield>
    <subfield code="b">eng</subfield>
    <subfield code="c">DLC</subfield>
    <subfield code="d">DLC</subfield>
  </datafield>
  <datafield tag="050" ind1="0" ind2="0">
    <subfield code="a">BF1042</subfield>
    <subfield code="b">.M18 1850</subfield>
  </datafield>
  <datafield tag="051" ind1=" " ind2=" ">
    <subfield code="a">BF1042</subfield>
    <subfield code="b">.M18 1850 Copy 2</subfield>
    <subfield code="c">Advertisements wanting. With: The Senses and the mind. London : Religious Tract Society, [1850] -- British fish and fisheries / [by W.C.L. Martin]. London : Religious Tract Society, [1850]. Bound together subsequent to publication.</subfield>
  </datafield>
  <datafield tag="051" ind1=" " ind2=" ">
    <subfield code="a">BF1411</subfield>
    <subfield code="b">.R38 Copy 2</subfield>
    <subfield code="c">Without the advertisements. With: Remarkable delusions, or, Illustrations of popular errors. London, [ca. 1850?]  Issued together?  Wanting binding and water-damaged.</subfield>
  </datafield>
  <datafield tag="082" ind1="0" ind2="0">
    <subfield code="a">133</subfield>
    <subfield code="2">20</subfield>
  </datafield>
  <datafield tag="245" ind1="0" ind2="0">
    <subfield code="a">Magic, pretended miracles, and remarkable natural phenomena.</subfield>
  </datafield>
  <datafield tag="246" ind1="1" ind2="8">
    <subfield code="a">Magic, pretended miracles, &amp;c.</subfield>
  </datafield>
  <datafield tag="246" ind1="1" ind2="6">
    <subfield code="a">Magic, pretended miracles, etc.</subfield>
  </datafield>
  <datafield tag="260" ind1=" " ind2=" ">
    <subfield code="a">London :</subfield>
    <subfield code="b">Religious Tract Society,</subfield>
    <subfield code="c">[ca. 1850]</subfield>
  </datafield>
  <datafield tag="300" ind1=" " ind2=" ">
    <subfield code="a">2, 192 p. :</subfield>
    <subfield code="b">ill. ;</subfield>
    <subfield code="c">15 cm.</subfield>
  </datafield>
  <datafield tag="510" ind1="4" ind2=" ">
    <subfield code="a">Toole-Stott, R.  Conjuring,</subfield>
    <subfield code="c">472</subfield>
  </datafield>
  <datafield tag="510" ind1="4" ind2=" ">
    <subfield code="a">Hall, T.H. Conjuring</subfield>
    <subfield code="c">197</subfield>
  </datafield>
  <datafield tag="500" ind1=" " ind2=" ">
    <subfield code="a">Advertisements on prelim. p. [1]-2.</subfield>
  </datafield>
  <datafield tag="561" ind1=" " ind2=" ">
    <subfield code="a">Source: Gift of John J. and Hanna M. McManus and Morris N. and Chesley V. Young, Oct. 12, 1955.</subfield>
    <subfield code="5">DLC</subfield>
  </datafield>
  <datafield tag="650" ind1=" " ind2="0">
    <subfield code="a">Magic.</subfield>
  </datafield>
  <datafield tag="650" ind1=" " ind2="0">
    <subfield code="a">Miracles.</subfield>
  </datafield>
  <datafield tag="650" ind1=" " ind2="0">
    <subfield code="a">Curiosities and wonders.</subfield>
  </datafield>
  <datafield tag="710" ind1="2" ind2=" ">
    <subfield code="a">Religious Tract Society (Great Britain)</subfield>
  </datafield>
  <datafield tag="710" ind1="2" ind2=" ">
    <subfield code="a">McManus-Young Collection (Library of Congress)</subfield>
    <subfield code="5">DLC</subfield>
  </datafield>
  <datafield tag="710" ind1="2" ind2=" ">
    <subfield code="a">Harry Houdini Collection (Library of Congress)</subfield>
    <subfield code="5">DLC</subfield>
  </datafield>
  <datafield tag="922" ind1=" " ind2=" ">
    <subfield code="a">ad</subfield>
  </datafield>
  <datafield tag="952" ind1=" " ind2=" ">
    <subfield code="a">Date from Toole-Stott, Raymond, A bibliography of English conjuring, no. 472.qr04 08-22-91</subfield>
  </datafield>
  <datafield tag="952" ind1=" " ind2=" ">
    <subfield code="a">Formerly shelved under: 4 Rare Bks.</subfield>
  </datafield>
  <datafield tag="952" ind1=" " ind2=" ">
    <subfield code="a">BLC entry gives 1848 publ. date but no publisher stmt.: vj05 09-11-91</subfield>
  </datafield>
  <datafield tag="952" ind1=" " ind2=" ">
    <subfield code="a">LAC iak 2018-10-04 update</subfield>
  </datafield>
  <datafield tag="952" ind1=" " ind2=" ">
    <subfield code="a">LAC ecr 2018-10-05 review (2 cards)</subfield>
  </datafield>
  <datafield tag="952" ind1=" " ind2=" ">
    <subfield code="a">LC Review of LAC Completed/Approved 2018-10-10</subfield>
  </datafield>
  <datafield tag="984" ind1=" " ind2=" ">
    <subfield code="a">rsl</subfield>
    <subfield code="d">2018-10-04</subfield>
  </datafield>
  <datafield tag="984" ind1=" " ind2=" ">
    <subfield code="a">gsl</subfield>
  </datafield>
  <datafield tag="985" ind1=" " ind2=" ">
    <subfield code="a">rblacfederal</subfield>
    <subfield code="d">20181004</subfield>
  </datafield>
  <datafield tag="985" ind1=" " ind2=" ">
    <subfield code="a">rarebk/mcman</subfield>
    <subfield code="e">rbc</subfield>
  </datafield>
  <datafield tag="987" ind1=" " ind2=" ">
    <subfield code="b">RBSCDRECON</subfield>
    <subfield code="c">20181004</subfield>
    <subfield code="d">r</subfield>
    <subfield code="f">BOUND WITH</subfield>
  </datafield>
  <datafield tag="991" ind1=" " ind2=" ">
    <subfield code="b">c-RareBook</subfield>
    <subfield code="h">BF1042</subfield>
    <subfield code="i">.M18 1850</subfield>
    <subfield code="t">Copy 1</subfield>
    <subfield code="m">McManus-Young Coll</subfield>
    <subfield code="w">BOOKS</subfield>
  </datafield>
  <datafield tag="991" ind1=" " ind2=" ">
    <subfield code="b">c-RareBook</subfield>
    <subfield code="h">BF1042</subfield>
    <subfield code="i">.M18 1850</subfield>
    <subfield code="t">Copy 2</subfield>
    <subfield code="m">McManus-Young Coll</subfield>
    <subfield code="w">BOOKS</subfield>
  </datafield>
</record>