
<record>
  <leader>01837cam a22003257a 4500</leader>
  <controlfield tag="001">1941964</controlfield>
  <controlfield tag="005">20200102145652.0</controlfield>
  <controlfield tag="007">hd|bfb---baca</controlfield>
  <controlfield tag="008">860728s1983    ru      a     000 0 rus  </controlfield>
  <datafield tag="906" ind1=" " ind2=" ">
    <subfield code="a">7</subfield>
    <subfield code="b">cbc</subfield>
    <subfield code="c">orignew</subfield>
    <subfield code="d">4</subfield>
    <subfield code="e">ncip</subfield>
    <subfield code="f">19</subfield>
    <subfield code="g">y-genmicro</subfield>
  </datafield>
  <datafield tag="955" ind1=" " ind2=" ">
    <subfield code="a">vr03 10-21-91</subfield>
  </datafield>
  <datafield tag="035" ind1=" " ind2=" ">
    <subfield code="9">(DLC)   86188059</subfield>
  </datafield>
  <datafield tag="010" ind1=" " ind2=" ">
    <subfield code="a">   86188059 </subfield>
  </datafield>
  <datafield tag="040" ind1=" " ind2=" ">
    <subfield code="a">DLC</subfield>
    <subfield code="c">DLC</subfield>
    <subfield code="d">DLC</subfield>
  </datafield>
  <datafield tag="050" ind1="0" ind2="0">
    <subfield code="a">Microfilm 91/7375 (H)</subfield>
  </datafield>
  <datafield tag="245" ind1="0" ind2="0">
    <subfield code="a">Dei︠a︡telʹnostʹ Kommunisticheskoĭ partii i Sovetskogo pravitelʹstva vo vosstanovlenii︠u︡ i razvitii︠u︡ khlopkovodstva v Turkestane (1917-1924 gg.)</subfield>
    <subfield code="h">[microform] :</subfield>
    <subfield code="b">dokumenty i materialy /</subfield>
    <subfield code="c">[redakt︠s︡ionnai︠a︡ kollegii︠a︡, I.A. Alimov, M.G. Vakhabov, K.F. Fazylkhodzhaev (otvetstvennyĭ redaktor)].</subfield>
  </datafield>
  <datafield tag="260" ind1=" " ind2=" ">
    <subfield code="a">Tashkent :</subfield>
    <subfield code="b">&quot;Uzbekistan&quot;,</subfield>
    <subfield code="c">1983.</subfield>
  </datafield>
  <datafield tag="300" ind1=" " ind2=" ">
    <subfield code="a">292 p.</subfield>
  </datafield>
  <datafield tag="500" ind1=" " ind2=" ">
    <subfield code="a">At head of title: Ordena Trudovogo Krasnogo Znameni institut istorii partii pri T︠S︡K kompartii Uzbekistana--filial instituta marksizma-leninizma pri T︠S︡K KPSS. Glavnoe arkhivnoe upravlenie pri Sovete ministrov UzSSR. T︠S︡entralʹnyĭ gosudarstvennyĭ arkhiv UzSSR.</subfield>
  </datafield>
  <datafield tag="504" ind1=" " ind2=" ">
    <subfield code="a">Includes bibliographical references.</subfield>
  </datafield>
  <datafield tag="533" ind1=" " ind2=" ">
    <subfield code="a">Microfilm.</subfield>
    <subfield code="b">Leningrad :</subfield>
    <subfield code="c">Gos. publichnai︠a︡ biblioteka im. M.E. Saltykova-Shchedrina,</subfield>
    <subfield code="d">1989.</subfield>
    <subfield code="e">On 1 microfilm reel with other items : negative ; 35 mm.</subfield>
  </datafield>
  <datafield tag="653" ind1="0" ind2=" ">
    <subfield code="a">Cotton production;</subfield>
    <subfield code="a">Soviet Union;</subfield>
    <subfield code="a">history</subfield>
  </datafield>
  <datafield tag="700" ind1="1" ind2=" ">
    <subfield code="a">Alimov, I. A.</subfield>
    <subfield code="q">(Ibragim Abdugapparovich)</subfield>
  </datafield>
  <datafield tag="700" ind1="1" ind2=" ">
    <subfield code="a">Vakhabov, M. G.</subfield>
    <subfield code="q">(Mavli︠a︡n Gafarovich)</subfield>
  </datafield>
  <datafield tag="700" ind1="1" ind2=" ">
    <subfield code="a">Fazylkhodzhaev, Kadyr Fazylovich.</subfield>
  </datafield>
  <datafield tag="710" ind1="2" ind2=" ">
    <subfield code="a">Partii︠a︡ tarikhi instituti (Uzbek S.S.R.)</subfield>
  </datafield>
  <datafield tag="710" ind1="1" ind2=" ">
    <subfield code="a">Uzbek S.S.R.</subfield>
    <subfield code="b">Glavnoe arkhivnoe upravlenie.</subfield>
  </datafield>
  <datafield tag="710" ind1="2" ind2=" ">
    <subfield code="a">T︠S︡entralʹnyĭ gosudarstvennyĭ arkhiv Uzbekskoĭ SSR.</subfield>
  </datafield>
  <datafield tag="922" ind1=" " ind2=" ">
    <subfield code="a">ax;</subfield>
    <subfield code="a">ACQ MSG: C 56-257</subfield>
  </datafield>
  <datafield tag="991" ind1=" " ind2=" ">
    <subfield code="b">c-MicRR</subfield>
    <subfield code="h">Microfilm 91/7375 (H)</subfield>
    <subfield code="t">Copy 1</subfield>
    <subfield code="w">BOOKS</subfield>
  </datafield>
</record>