
<record>
  <leader>01370cam a2200349 a 4500</leader>
  <controlfield tag="001">2000641</controlfield>
  <controlfield tag="005">20200102153809.0</controlfield>
  <controlfield tag="008">900103s1988    pl af    b    110 0 pol  </controlfield>
  <datafield tag="906" ind1=" " ind2=" ">
    <subfield code="a">7</subfield>
    <subfield code="b">cbc</subfield>
    <subfield code="c">orignew</subfield>
    <subfield code="d">3</subfield>
    <subfield code="e">ncip</subfield>
    <subfield code="f">19</subfield>
    <subfield code="g">y-gencatlg</subfield>
  </datafield>
  <datafield tag="955" ind1=" " ind2=" ">
    <subfield code="a">rb04; ubo5 08-13-93 to HLCD; le10 02-15-94; le03 06-10-94; le02 06-17-94</subfield>
  </datafield>
  <datafield tag="035" ind1=" " ind2=" ">
    <subfield code="9">(DLC)   90100389</subfield>
  </datafield>
  <datafield tag="010" ind1=" " ind2=" ">
    <subfield code="a">   90100389 </subfield>
  </datafield>
  <datafield tag="040" ind1=" " ind2=" ">
    <subfield code="a">DLC</subfield>
    <subfield code="c">DLC</subfield>
    <subfield code="d">DLC</subfield>
  </datafield>
  <datafield tag="041" ind1="0" ind2=" ">
    <subfield code="a">pol</subfield>
    <subfield code="b">eng</subfield>
  </datafield>
  <datafield tag="043" ind1=" " ind2=" ">
    <subfield code="a">e-pl---</subfield>
  </datafield>
  <datafield tag="050" ind1="0" ind2="0">
    <subfield code="a">DK4276</subfield>
    <subfield code="b">.S86 1988</subfield>
  </datafield>
  <datafield tag="245" ind1="0" ind2="0">
    <subfield code="a">Studia z dziejów Rzeczypospolitej szlacheckiej /</subfield>
    <subfield code="c">[redaktorzy tomu Krystyn Matwijowski, Zbigniew Wójcik].</subfield>
  </datafield>
  <datafield tag="250" ind1=" " ind2=" ">
    <subfield code="a">Wyd. 1.</subfield>
  </datafield>
  <datafield tag="260" ind1=" " ind2=" ">
    <subfield code="a">Wrocław :</subfield>
    <subfield code="b">Wydawn. Uniwersytetu Wrocławskiego,</subfield>
    <subfield code="c">1988.</subfield>
  </datafield>
  <datafield tag="300" ind1=" " ind2=" ">
    <subfield code="a">262 p., [1] leaf of plates :</subfield>
    <subfield code="b">ill. ;</subfield>
    <subfield code="c">24 cm.</subfield>
  </datafield>
  <datafield tag="490" ind1="1" ind2=" ">
    <subfield code="a">Acta Universitatis Wratislaviensis ;</subfield>
    <subfield code="v">no 945.</subfield>
    <subfield code="a">Historia,</subfield>
    <subfield code="x">0524-4498 ;</subfield>
    <subfield code="v">66</subfield>
  </datafield>
  <datafield tag="500" ind1=" " ind2=" ">
    <subfield code="a">Summaries in English.</subfield>
  </datafield>
  <datafield tag="504" ind1=" " ind2=" ">
    <subfield code="a">Includes bibliographical references.</subfield>
  </datafield>
  <datafield tag="651" ind1=" " ind2="0">
    <subfield code="a">Poland</subfield>
    <subfield code="x">History</subfield>
    <subfield code="y">16th century</subfield>
    <subfield code="x">Congresses.</subfield>
  </datafield>
  <datafield tag="651" ind1=" " ind2="0">
    <subfield code="a">Poland</subfield>
    <subfield code="x">History</subfield>
    <subfield code="y">17th century</subfield>
    <subfield code="x">Congresses.</subfield>
  </datafield>
  <datafield tag="600" ind1="1" ind2="0">
    <subfield code="a">Kersten, Adam</subfield>
    <subfield code="x">Congresses.</subfield>
  </datafield>
  <datafield tag="700" ind1="1" ind2=" ">
    <subfield code="a">Matwijowski, Krystyn.</subfield>
  </datafield>
  <datafield tag="700" ind1="1" ind2=" ">
    <subfield code="a">Wójcik, Zbigniew,</subfield>
    <subfield code="d">1922-2014.</subfield>
  </datafield>
  <datafield tag="830" ind1=" " ind2="0">
    <subfield code="a">Acta Universitatis Wratislaviensis ;</subfield>
    <subfield code="v">no 945.</subfield>
  </datafield>
  <datafield tag="830" ind1=" " ind2="0">
    <subfield code="a">Acta Universitatis Wratislaviensis.</subfield>
    <subfield code="p">Historia ;</subfield>
    <subfield code="v">66.</subfield>
  </datafield>
  <datafield tag="922" ind1=" " ind2=" ">
    <subfield code="a">ax</subfield>
  </datafield>
  <datafield tag="991" ind1=" " ind2=" ">
    <subfield code="b">c-GenColl</subfield>
    <subfield code="h">DK4276</subfield>
    <subfield code="i">.S86 1988</subfield>
    <subfield code="t">Copy 1</subfield>
    <subfield code="w">BOOKS</subfield>
  </datafield>
</record>