
<record>
  <leader>02211cam a2200397 a 4500</leader>
  <controlfield tag="001">2634028</controlfield>
  <controlfield tag="005">20200102115638.0</controlfield>
  <controlfield tag="008">990202s1904    ilu           000 0 eng  </controlfield>
  <datafield tag="906" ind1=" " ind2=" ">
    <subfield code="a">7</subfield>
    <subfield code="b">cbc</subfield>
    <subfield code="c">premver</subfield>
    <subfield code="d">3</subfield>
    <subfield code="e">ncip</subfield>
    <subfield code="f">19</subfield>
    <subfield code="g">y-genrareb</subfield>
  </datafield>
  <datafield tag="955" ind1=" " ind2=" ">
    <subfield code="a">vj15 02-02-99; vj05/kp 06-28-99</subfield>
    <subfield code="i">he18 2018-05-02</subfield>
  </datafield>
  <datafield tag="010" ind1=" " ind2=" ">
    <subfield code="a">   04020727 </subfield>
  </datafield>
  <datafield tag="040" ind1=" " ind2=" ">
    <subfield code="a">DLC</subfield>
    <subfield code="b">eng</subfield>
    <subfield code="c">DLC</subfield>
    <subfield code="d">DLC</subfield>
  </datafield>
  <datafield tag="050" ind1="0" ind2="0">
    <subfield code="a">PR4862</subfield>
    <subfield code="b">.D5 1904</subfield>
  </datafield>
  <datafield tag="051" ind1=" " ind2=" ">
    <subfield code="a">PR4862</subfield>
    <subfield code="b">.D5 1904 Copy 2</subfield>
    <subfield code="c">Front free endpaper initialed: FWG. Bookplate of Frederic W. Goudy on lower pastedown.</subfield>
  </datafield>
  <datafield tag="051" ind1=" " ind2=" ">
    <subfield code="a">PR4862</subfield>
    <subfield code="b">.D5 1904 Copy 3</subfield>
    <subfield code="c">A mock-up, with many pages printed on recto only; some gatherings misbound; clipping of text pasted to page [27]; uncut page proofs with directions for layout laid in.</subfield>
  </datafield>
  <datafield tag="051" ind1=" " ind2=" ">
    <subfield code="a">PR4862</subfield>
    <subfield code="b">.D5 1904 Copy 4</subfield>
    <subfield code="c">Formerly owned by Bruce Rogers. copy. Pages of third book laid in.</subfield>
  </datafield>
  <datafield tag="100" ind1="1" ind2=" ">
    <subfield code="a">Lamb, Charles,</subfield>
    <subfield code="d">1775-1834.</subfield>
  </datafield>
  <datafield tag="245" ind1="1" ind2="2">
    <subfield code="a">A dissertation upon roast pig :</subfield>
    <subfield code="b">one of the Essays of Elia /</subfield>
    <subfield code="c">with a note on Lamb&apos;s literary motive by Cyrus Lauron Hooper.</subfield>
  </datafield>
  <datafield tag="260" ind1=" " ind2=" ">
    <subfield code="a">Park Ridge, Ill. :</subfield>
    <subfield code="b">Village Press,</subfield>
    <subfield code="c">1904.</subfield>
  </datafield>
  <datafield tag="300" ind1=" " ind2=" ">
    <subfield code="a">52 p. ;</subfield>
    <subfield code="c">16 cm.</subfield>
  </datafield>
  <datafield tag="500" ind1=" " ind2=" ">
    <subfield code="a">First use of monogram &quot;TVP&quot; as tailpiece; second press mark. Cf. Cary.</subfield>
  </datafield>
  <datafield tag="500" ind1=" " ind2=" ">
    <subfield code="a">&quot;Printed in the Village type at the Village Press, Park Ridge, Illinois, by Fred W. &amp; Bertha M. Goudy, and finished February 29, 1904 -- the third book issued from the Press. 215 copies printed, 200 for sale&quot;--Colophon.</subfield>
  </datafield>
  <datafield tag="510" ind1="4" ind2=" ">
    <subfield code="a">Cary, M.B. Bibliography of the Village Press,</subfield>
    <subfield code="c">13</subfield>
  </datafield>
  <datafield tag="700" ind1="1" ind2=" ">
    <subfield code="a">Hooper, C. Lauron</subfield>
    <subfield code="q">(Cyrus Lauron),</subfield>
    <subfield code="d">1863-</subfield>
  </datafield>
  <datafield tag="700" ind1="1" ind2=" ">
    <subfield code="a">Rogers, Bruce,</subfield>
    <subfield code="d">1870-1957,</subfield>
    <subfield code="e">former owner.</subfield>
    <subfield code="5">DLC</subfield>
  </datafield>
  <datafield tag="710" ind1="2" ind2=" ">
    <subfield code="a">Village Press</subfield>
    <subfield code="e">printer,</subfield>
    <subfield code="e">publisher.</subfield>
  </datafield>
  <datafield tag="710" ind1="2" ind2=" ">
    <subfield code="a">Frederic W. Goudy Collection (Library of Congress)</subfield>
    <subfield code="5">DLC</subfield>
  </datafield>
  <datafield tag="710" ind1="2" ind2=" ">
    <subfield code="a">Pforzheimer Bruce Rogers Collection (Library of Congress)</subfield>
    <subfield code="5">DLC</subfield>
  </datafield>
  <datafield tag="952" ind1=" " ind2=" ">
    <subfield code="a">LAC scc 2020-01-02 no edits (2 card)</subfield>
  </datafield>
  <datafield tag="984" ind1=" " ind2=" ">
    <subfield code="a">rsl</subfield>
    <subfield code="d">2020-01-02</subfield>
  </datafield>
  <datafield tag="984" ind1=" " ind2=" ">
    <subfield code="a">gsl</subfield>
  </datafield>
  <datafield tag="985" ind1=" " ind2=" ">
    <subfield code="a">rblacfederal</subfield>
    <subfield code="d">20200102</subfield>
  </datafield>
  <datafield tag="991" ind1=" " ind2=" ">
    <subfield code="b">c-RareBook</subfield>
    <subfield code="h">PR4862</subfield>
    <subfield code="i">.D5 1904</subfield>
    <subfield code="t">Copy 1</subfield>
    <subfield code="w">BOOKS</subfield>
  </datafield>
  <datafield tag="991" ind1=" " ind2=" ">
    <subfield code="b">c-RareBook</subfield>
    <subfield code="h">PR4862</subfield>
    <subfield code="i">.D5 1904</subfield>
    <subfield code="t">Copy 2</subfield>
    <subfield code="m">Goudy Coll</subfield>
    <subfield code="w">BOOKS</subfield>
  </datafield>
  <datafield tag="991" ind1=" " ind2=" ">
    <subfield code="b">c-RareBook</subfield>
    <subfield code="h">PR4862</subfield>
    <subfield code="i">.D5 1904</subfield>
    <subfield code="t">Copy 3</subfield>
    <subfield code="m">Goudy Coll</subfield>
    <subfield code="w">BOOKS</subfield>
  </datafield>
  <datafield tag="991" ind1=" " ind2=" ">
    <subfield code="b">c-RareBook</subfield>
    <subfield code="h">PR4862</subfield>
    <subfield code="i">.D5 1904</subfield>
    <subfield code="t">Copy 4</subfield>
    <subfield code="m">Pforzheimer Rogers Coll</subfield>
    <subfield code="w">BOOKS</subfield>
  </datafield>
</record>