
<record>
  <leader>01682cam a2200361 a 4500</leader>
  <controlfield tag="001">2868845</controlfield>
  <controlfield tag="005">20200102112932.0</controlfield>
  <controlfield tag="008">850812q19001903iluac         000 0 eng  </controlfield>
  <datafield tag="906" ind1=" " ind2=" ">
    <subfield code="a">7</subfield>
    <subfield code="b">cbc</subfield>
    <subfield code="c">orignew</subfield>
    <subfield code="d">2</subfield>
    <subfield code="e">ncip</subfield>
    <subfield code="f">19</subfield>
    <subfield code="g">y-genrareb</subfield>
  </datafield>
  <datafield tag="955" ind1=" " ind2=" ">
    <subfield code="t">he18 2019-10-02</subfield>
  </datafield>
  <datafield tag="010" ind1=" " ind2=" ">
    <subfield code="a">   85191477 </subfield>
  </datafield>
  <datafield tag="040" ind1=" " ind2=" ">
    <subfield code="a">DLC</subfield>
    <subfield code="b">eng</subfield>
    <subfield code="c">DLC</subfield>
    <subfield code="d">DLC</subfield>
  </datafield>
  <datafield tag="050" ind1="0" ind2="0">
    <subfield code="a">PR4859.K5</subfield>
    <subfield code="b">H834 1900</subfield>
  </datafield>
  <datafield tag="082" ind1="0" ind2="0">
    <subfield code="a">822/.7</subfield>
    <subfield code="2">19</subfield>
  </datafield>
  <datafield tag="100" ind1="1" ind2=" ">
    <subfield code="a">Glover, Lyman B.,</subfield>
    <subfield code="d">1846-1915.</subfield>
  </datafield>
  <datafield tag="245" ind1="1" ind2="0">
    <subfield code="a">Viola Allen as Julia in The hunchback :</subfield>
    <subfield code="b">a comedy by James Sheridan Knowles /</subfield>
    <subfield code="c">with a comment on the play by Lyman B. Glover.</subfield>
  </datafield>
  <datafield tag="246" ind1="1" ind2="4">
    <subfield code="a">Viola Allen&apos;s revival of The hunchback</subfield>
  </datafield>
  <datafield tag="260" ind1=" " ind2=" ">
    <subfield code="a">[Chicago?] :</subfield>
    <subfield code="b">Designed &amp; published by Ralph Fletcher Seymour for Liebler &amp; Co., managers,</subfield>
    <subfield code="c">[between 1900 and 1903]</subfield>
  </datafield>
  <datafield tag="300" ind1=" " ind2=" ">
    <subfield code="a">12 p. :</subfield>
    <subfield code="b">ill., 2 ports. (mounted) ;</subfield>
    <subfield code="c">31 cm.</subfield>
  </datafield>
  <datafield tag="561" ind1=" " ind2=" ">
    <subfield code="a">LC copy inscribed to Frederic W. Goudy by Ralph Fletcher Seymour.</subfield>
    <subfield code="5">DLC</subfield>
  </datafield>
  <datafield tag="600" ind1="1" ind2="0">
    <subfield code="a">Knowles, James Sheridan,</subfield>
    <subfield code="d">1784-1862.</subfield>
    <subfield code="t">Hunchback.</subfield>
  </datafield>
  <datafield tag="600" ind1="1" ind2="0">
    <subfield code="a">Knowles, James Sheridan,</subfield>
    <subfield code="d">1784-1862</subfield>
    <subfield code="x">Stage history.</subfield>
  </datafield>
  <datafield tag="600" ind1="1" ind2="0">
    <subfield code="a">Allen, Viola,</subfield>
    <subfield code="d">1867-1948.</subfield>
  </datafield>
  <datafield tag="650" ind1=" " ind2="0">
    <subfield code="a">Comedy.</subfield>
  </datafield>
  <datafield tag="700" ind1="1" ind2=" ">
    <subfield code="a">Seymour, Ralph Fletcher,</subfield>
    <subfield code="d">1876-1966,</subfield>
    <subfield code="e">book designer,</subfield>
    <subfield code="e">publisher.</subfield>
  </datafield>
  <datafield tag="700" ind1="1" ind2=" ">
    <subfield code="a">Seymour, Ralph Fletcher,</subfield>
    <subfield code="d">1876-1966,</subfield>
    <subfield code="e">inscriber.</subfield>
    <subfield code="5">DLC</subfield>
  </datafield>
  <datafield tag="710" ind1="2" ind2=" ">
    <subfield code="a">Frederic W. Goudy Collection (Library of Congress)</subfield>
    <subfield code="5">DLC</subfield>
  </datafield>
  <datafield tag="952" ind1=" " ind2=" ">
    <subfield code="a">Place of pub. from Ransom, W. Private presses and their books; date of pub. from Notable American women, Woman&apos;s WW of Amer., 1914-1915 &amp; internal evidence. vj50 8/5/85.</subfield>
  </datafield>
  <datafield tag="952" ind1=" " ind2=" ">
    <subfield code="a">LAC scc 2020-01-02 no edits (1 card)</subfield>
  </datafield>
  <datafield tag="984" ind1=" " ind2=" ">
    <subfield code="a">rsl</subfield>
    <subfield code="d">2020-01-02</subfield>
  </datafield>
  <datafield tag="984" ind1=" " ind2=" ">
    <subfield code="a">gsl</subfield>
  </datafield>
  <datafield tag="985" ind1=" " ind2=" ">
    <subfield code="a">rblacfederal</subfield>
    <subfield code="d">20200102</subfield>
  </datafield>
  <datafield tag="991" ind1=" " ind2=" ">
    <subfield code="b">c-RareBook</subfield>
    <subfield code="h">PR4859.K5</subfield>
    <subfield code="i">H834 1900</subfield>
    <subfield code="t">Copy 1</subfield>
    <subfield code="w">BOOKS</subfield>
  </datafield>
</record>