
<record>
  <leader>01262cam a2200289 a 4500</leader>
  <controlfield tag="001">2986372</controlfield>
  <controlfield tag="005">20200102121027.0</controlfield>
  <controlfield tag="008">920625r19911848gw a     b    000 0 ger  </controlfield>
  <datafield tag="906" ind1=" " ind2=" ">
    <subfield code="a">7</subfield>
    <subfield code="b">cbc</subfield>
    <subfield code="c">orignew</subfield>
    <subfield code="d">2</subfield>
    <subfield code="e">ncip</subfield>
    <subfield code="f">19</subfield>
    <subfield code="g">y-gencatlg</subfield>
  </datafield>
  <datafield tag="955" ind1=" " ind2=" ">
    <subfield code="a">ub13 06-25-92 To cat.; jk00 07-13-92; jk11 to subj 08-13-92; vl02 04-05-93; vl19 04-06-93; aa09 04-29-93</subfield>
  </datafield>
  <datafield tag="035" ind1=" " ind2=" ">
    <subfield code="9">(DLC)   92179067</subfield>
  </datafield>
  <datafield tag="010" ind1=" " ind2=" ">
    <subfield code="a">   92179067 </subfield>
  </datafield>
  <datafield tag="020" ind1=" " ind2=" ">
    <subfield code="a">392617594X</subfield>
  </datafield>
  <datafield tag="040" ind1=" " ind2=" ">
    <subfield code="a">DLC</subfield>
    <subfield code="c">DLC</subfield>
  </datafield>
  <datafield tag="050" ind1="0" ind2="0">
    <subfield code="a">ML410.W15</subfield>
    <subfield code="b">R57 1991</subfield>
  </datafield>
  <datafield tag="082" ind1="0" ind2="0">
    <subfield code="a">782.1</subfield>
    <subfield code="2">20</subfield>
  </datafield>
  <datafield tag="245" ind1="0" ind2="4">
    <subfield code="a">Der Ring am Rhein /</subfield>
    <subfield code="c">herausgegeben von Wolfgang Storch ; Texte von Armando ... [et al.].</subfield>
  </datafield>
  <datafield tag="260" ind1=" " ind2=" ">
    <subfield code="a">Berlin :</subfield>
    <subfield code="b">Edition Hentrich,</subfield>
    <subfield code="c">1991.</subfield>
  </datafield>
  <datafield tag="300" ind1=" " ind2=" ">
    <subfield code="a">215 p. :</subfield>
    <subfield code="b">ill. (some col.) ;</subfield>
    <subfield code="c">31 cm.</subfield>
  </datafield>
  <datafield tag="500" ind1=" " ind2=" ">
    <subfield code="a">&quot;Aus Anlass der Inszenierungen von &apos;Der Ring des Nibelungen&apos; durch Kurt Horres, Der Ring am Rhein, Deutsche Oper am Rhein--Theatergemeinschaft Düsseldorf-Duisburg, Oper der Stadt Köln&quot;--T.p. verso.</subfield>
  </datafield>
  <datafield tag="500" ind1=" " ind2=" ">
    <subfield code="a">Includes reprints of works originally published between 1848-1984.</subfield>
  </datafield>
  <datafield tag="504" ind1=" " ind2=" ">
    <subfield code="a">Includes bibliographical references.</subfield>
  </datafield>
  <datafield tag="600" ind1="1" ind2="0">
    <subfield code="a">Wagner, Richard,</subfield>
    <subfield code="d">1813-1883.</subfield>
    <subfield code="t">Ring des Nibelungen.</subfield>
  </datafield>
  <datafield tag="700" ind1="1" ind2=" ">
    <subfield code="a">Storch, Wolfgang.</subfield>
  </datafield>
  <datafield tag="700" ind1="0" ind2=" ">
    <subfield code="a">Armando,</subfield>
    <subfield code="d">1929-2018.</subfield>
  </datafield>
  <datafield tag="922" ind1=" " ind2=" ">
    <subfield code="a">ap</subfield>
  </datafield>
  <datafield tag="991" ind1=" " ind2=" ">
    <subfield code="b">c-Music</subfield>
    <subfield code="h">ML410.W15</subfield>
    <subfield code="i">R57 1991</subfield>
    <subfield code="t">Copy 1</subfield>
    <subfield code="w">BOOKS</subfield>
  </datafield>
</record>