
<record>
  <leader>01036cam a2200241 a 4500</leader>
  <controlfield tag="001">3317344</controlfield>
  <controlfield tag="005">20200102142437.0</controlfield>
  <controlfield tag="008">840601s1978    ru            000 0 ruso </controlfield>
  <datafield tag="906" ind1=" " ind2=" ">
    <subfield code="a">7</subfield>
    <subfield code="b">cbc</subfield>
    <subfield code="c">orignew</subfield>
    <subfield code="d">4</subfield>
    <subfield code="e">ncip</subfield>
    <subfield code="f">19</subfield>
    <subfield code="g">y-gencatlg</subfield>
  </datafield>
  <datafield tag="955" ind1=" " ind2=" ">
    <subfield code="a">reclass ll25 2020-01-02</subfield>
  </datafield>
  <datafield tag="010" ind1=" " ind2=" ">
    <subfield code="a">   84106506 </subfield>
  </datafield>
  <datafield tag="035" ind1=" " ind2=" ">
    <subfield code="9">(DLC)   84106506</subfield>
  </datafield>
  <datafield tag="040" ind1=" " ind2=" ">
    <subfield code="a">DLC</subfield>
    <subfield code="c">DLC</subfield>
    <subfield code="d">DLC</subfield>
  </datafield>
  <datafield tag="043" ind1=" " ind2=" ">
    <subfield code="a">e-ur-ru</subfield>
  </datafield>
  <datafield tag="050" ind1="0" ind2="0">
    <subfield code="a">KLN293.5.K37</subfield>
    <subfield code="b">K382 1978</subfield>
  </datafield>
  <datafield tag="082" ind1="0" ind2="0">
    <subfield code="a">342.47/25023</subfield>
    <subfield code="a">344.7250223</subfield>
    <subfield code="2">19</subfield>
  </datafield>
  <datafield tag="110" ind1="1" ind2=" ">
    <subfield code="a">Karelʹskai︠a︡ A.S.S.R. (R.S.F.S.R.)</subfield>
  </datafield>
  <datafield tag="240" ind1="1" ind2="0">
    <subfield code="a">Konstitut︠s︡ii︠a︡ (1978)</subfield>
  </datafield>
  <datafield tag="245" ind1="1" ind2="0">
    <subfield code="a">Konstitut︠s︡ii︠a︡ (Osnovnoĭ zakon) Karelʹskoĭ Avtonomnoĭ Sovetskoĭ Sot︠s︡ialisticheskoĭ Respubliki :</subfield>
    <subfield code="b">prini︠a︡ta na vneocherednoĭ vosʹmoĭ sessii Verkhovnogo Soveta Karelʹskoĭ ASSR, devi︠a︡togo sozyva, 30 mai︠a︡ 1978 goda.</subfield>
  </datafield>
  <datafield tag="260" ind1=" " ind2=" ">
    <subfield code="a">Petrozavodsk :</subfield>
    <subfield code="b">Izd-vo &quot;Karelii︠a︡&quot;,</subfield>
    <subfield code="c">1978.</subfield>
  </datafield>
  <datafield tag="300" ind1=" " ind2=" ">
    <subfield code="a">39 p. ;</subfield>
    <subfield code="c">20 cm.</subfield>
  </datafield>
  <datafield tag="650" ind1=" " ind2="0">
    <subfield code="a">Constitutions</subfield>
    <subfield code="z">Russia (Federation)</subfield>
    <subfield code="z">Karelia.</subfield>
  </datafield>
  <datafield tag="991" ind1=" " ind2=" ">
    <subfield code="b">c-LL</subfield>
    <subfield code="h">LAW USSR KAREL 1 Const 1978</subfield>
    <subfield code="t">Copy 1</subfield>
    <subfield code="w">BOOKS</subfield>
  </datafield>
</record>