
<record>
  <leader>01226cam a2200277 a 4500</leader>
  <controlfield tag="001">3832099</controlfield>
  <controlfield tag="005">20200102135755.0</controlfield>
  <controlfield tag="008">860626s1986    ru a     b    000 0 ruso </controlfield>
  <datafield tag="906" ind1=" " ind2=" ">
    <subfield code="a">7</subfield>
    <subfield code="b">cbc</subfield>
    <subfield code="c">orignew</subfield>
    <subfield code="d">2</subfield>
    <subfield code="e">ncip</subfield>
    <subfield code="f">19</subfield>
    <subfield code="g">y-gencatlg</subfield>
  </datafield>
  <datafield tag="035" ind1=" " ind2=" ">
    <subfield code="9">(DLC)   86177420</subfield>
  </datafield>
  <datafield tag="010" ind1=" " ind2=" ">
    <subfield code="a">   86177420 </subfield>
  </datafield>
  <datafield tag="040" ind1=" " ind2=" ">
    <subfield code="a">DLC</subfield>
    <subfield code="c">DLC</subfield>
    <subfield code="d">DLC</subfield>
  </datafield>
  <datafield tag="050" ind1="0" ind2="0">
    <subfield code="a">QP519.9.E433</subfield>
    <subfield code="b">M47 1986</subfield>
  </datafield>
  <datafield tag="245" ind1="0" ind2="0">
    <subfield code="a">Metod spinovykh metok i zondov :</subfield>
    <subfield code="b">problemy i perspektivy /</subfield>
    <subfield code="c">otvetstvennye redaktory N.M. Ėmanuėlʹ, R.I. Zhdanov.</subfield>
  </datafield>
  <datafield tag="260" ind1=" " ind2=" ">
    <subfield code="a">Moskva :</subfield>
    <subfield code="b">&quot;Nauka&quot;,</subfield>
    <subfield code="c">1986.</subfield>
  </datafield>
  <datafield tag="300" ind1=" " ind2=" ">
    <subfield code="a">270 p. :</subfield>
    <subfield code="b">ill. ;</subfield>
    <subfield code="c">23 cm.</subfield>
  </datafield>
  <datafield tag="440" ind1=" " ind2="0">
    <subfield code="a">Spinovye metki i zondy v biologii i medit︠s︡ine</subfield>
  </datafield>
  <datafield tag="500" ind1=" " ind2=" ">
    <subfield code="a">At head of title: Akademii︠a︡ nauk SSSR. Sekt︠s︡ii︠a︡ khimiko-tekhnologicheskikh i biologicheskikh nauk.</subfield>
  </datafield>
  <datafield tag="504" ind1=" " ind2=" ">
    <subfield code="a">Includes bibliographies.</subfield>
  </datafield>
  <datafield tag="650" ind1=" " ind2="0">
    <subfield code="a">Electron paramagnetic resonance spectroscopy.</subfield>
  </datafield>
  <datafield tag="650" ind1=" " ind2="0">
    <subfield code="a">Spin labels.</subfield>
  </datafield>
  <datafield tag="650" ind1=" " ind2="0">
    <subfield code="a">Biomolecules</subfield>
    <subfield code="x">Analysis.</subfield>
  </datafield>
  <datafield tag="700" ind1="1" ind2=" ">
    <subfield code="a">Ėmanuėlʹ, N. M.</subfield>
    <subfield code="q">(Nikolaĭ Markovich),</subfield>
    <subfield code="d">1915-1984.</subfield>
  </datafield>
  <datafield tag="700" ind1="1" ind2=" ">
    <subfield code="a">Zhdanov, R. I.</subfield>
    <subfield code="q">(Renat Ibragimovich)</subfield>
  </datafield>
  <datafield tag="710" ind1="2" ind2=" ">
    <subfield code="a">Akademii︠a︡ nauk SSSR.</subfield>
    <subfield code="b">Sekt︠s︡ii︠a︡ khimiko-tekhnologicheskikh i biologicheskikh nauk.</subfield>
  </datafield>
  <datafield tag="991" ind1=" " ind2=" ">
    <subfield code="b">c-GenColl</subfield>
    <subfield code="h">QP519.9.E433</subfield>
    <subfield code="i">M47 1986</subfield>
    <subfield code="p">00039053809</subfield>
    <subfield code="t">Copy 1</subfield>
    <subfield code="w">BOOKS</subfield>
  </datafield>
</record>