
<record>
  <leader>03232cam a2200505 a 4500</leader>
  <controlfield tag="001">4052957</controlfield>
  <controlfield tag="005">20200102092540.0</controlfield>
  <controlfield tag="008">870713s1911    nyua          000 1 eng  </controlfield>
  <datafield tag="906" ind1=" " ind2=" ">
    <subfield code="a">7</subfield>
    <subfield code="b">cbc</subfield>
    <subfield code="c">premver</subfield>
    <subfield code="d">3</subfield>
    <subfield code="e">ncip</subfield>
    <subfield code="f">19</subfield>
    <subfield code="g">y-genrareb</subfield>
  </datafield>
  <datafield tag="955" ind1=" " ind2=" ">
    <subfield code="a">he18 2018-05-25</subfield>
    <subfield code="i">he18 2018-06-13 NEW INPUT</subfield>
  </datafield>
  <datafield tag="010" ind1=" " ind2=" ">
    <subfield code="a">   12002683 </subfield>
  </datafield>
  <datafield tag="040" ind1=" " ind2=" ">
    <subfield code="a">DLC</subfield>
    <subfield code="b">eng</subfield>
    <subfield code="c">DLC</subfield>
    <subfield code="d">DLC</subfield>
  </datafield>
  <datafield tag="050" ind1="0" ind2="0">
    <subfield code="a">PR5774</subfield>
    <subfield code="b">.D6 1911</subfield>
  </datafield>
  <datafield tag="051" ind1=" " ind2=" ">
    <subfield code="a">PR5774</subfield>
    <subfield code="b">.D6 1911 Copy 2</subfield>
    <subfield code="c">Imperfect: the plate mounted on p. [50] is missing.</subfield>
  </datafield>
  <datafield tag="051" ind1=" " ind2=" ">
    <subfield code="a">PR5774</subfield>
    <subfield code="b">.D6 1911 Copy 3</subfield>
    <subfield code="c">Bookplate of Frederic W. Goudy on front pastedown. Printed label on front pastedown: &quot;Unfortunately, only three hundred sets of the illustrations were completed by the gravure process so that the missing illustrations are reproduced in this volume by the Aquatone process.&quot; In this copy the illustration mounted on p. [131] is reproduced by the Aquatone process.</subfield>
  </datafield>
  <datafield tag="100" ind1="1" ind2=" ">
    <subfield code="a">Wells, H. G.</subfield>
    <subfield code="q">(Herbert George),</subfield>
    <subfield code="d">1866-1946.</subfield>
  </datafield>
  <datafield tag="245" ind1="1" ind2="4">
    <subfield code="a">The door in the wall and other stories /</subfield>
    <subfield code="c">by H.G. Wells ; illustrated with photogravures from photographs by Alvin Langdon Coburn.</subfield>
  </datafield>
  <datafield tag="260" ind1=" " ind2=" ">
    <subfield code="a">New York &amp; London :</subfield>
    <subfield code="b">Mitchell Kennerley,</subfield>
    <subfield code="c">1911.</subfield>
  </datafield>
  <datafield tag="300" ind1=" " ind2=" ">
    <subfield code="a">153 p. :</subfield>
    <subfield code="b">ill. (mounted) ;</subfield>
    <subfield code="c">38 cm.</subfield>
  </datafield>
  <datafield tag="500" ind1=" " ind2=" ">
    <subfield code="a">&quot;The Village Press&quot;--T.p. verso.</subfield>
  </datafield>
  <datafield tag="500" ind1=" " ind2=" ">
    <subfield code="a">&quot;The photogravures in this volume are from plates prepared by the artist, and printed under his personal supervision.&quot;--p. [3].</subfield>
  </datafield>
  <datafield tag="500" ind1=" " ind2=" ">
    <subfield code="a">&quot;This book has been set by Bertha S. Goudy at the Village Press, New York, with types and decorations designed by Frederic W. Goudy, under whose supervision it has been printed by Norman T.A. Munder &amp; Company, Baltimore, U.S.A. Six hundred copies printed on French hand-made paper, in November, 1911, and the type distributed.&quot;--Colophon.</subfield>
  </datafield>
  <datafield tag="500" ind1=" " ind2=" ">
    <subfield code="a">Monogram and hand-lettered lines on t.p., as well as headband and initials, by Goudy. Cf. Cary.</subfield>
  </datafield>
  <datafield tag="505" ind1="0" ind2=" ">
    <subfield code="a">The door in the wall -- The star -- A dream of Armageddon -- The cone -- A moonlight fable -- The diamond maker -- The lord of the dynamos -- The country of the blind.</subfield>
  </datafield>
  <datafield tag="510" ind1="4" ind2=" ">
    <subfield code="a">Goldschmidt, L. Truthful Lens,</subfield>
    <subfield code="c">184</subfield>
  </datafield>
  <datafield tag="510" ind1="4" ind2=" ">
    <subfield code="a">Cary, M.B. Bibliography of the Village Press,</subfield>
    <subfield code="c">70</subfield>
  </datafield>
  <datafield tag="500" ind1=" " ind2=" ">
    <subfield code="a">LC copy inscribed on front pastedown: First edition.</subfield>
    <subfield code="5">DLC</subfield>
  </datafield>
  <datafield tag="561" ind1=" " ind2=" ">
    <subfield code="a">LC copy has bookplate of Frederic W. Goudy on front pastedown and front free endpaper. Front pastedown and front free endpaper initialed: BMG.</subfield>
    <subfield code="5">DLC</subfield>
  </datafield>
  <datafield tag="650" ind1=" " ind2="0">
    <subfield code="a">Science fiction, English.</subfield>
  </datafield>
  <datafield tag="700" ind1="1" ind2=" ">
    <subfield code="a">Coburn, Alvin Langdon,</subfield>
    <subfield code="d">1882-1966,</subfield>
    <subfield code="e">artist.</subfield>
  </datafield>
  <datafield tag="700" ind1="1" ind2=" ">
    <subfield code="a">Kennerley, Mitchell,</subfield>
    <subfield code="d">1878-1950,</subfield>
    <subfield code="e">publisher.</subfield>
  </datafield>
  <datafield tag="710" ind1="2" ind2=" ">
    <subfield code="a">Village Press,</subfield>
    <subfield code="e">printer.</subfield>
  </datafield>
  <datafield tag="710" ind1="2" ind2=" ">
    <subfield code="a">Norman T.A. Munder &amp; Co.,</subfield>
    <subfield code="e">printer.</subfield>
  </datafield>
  <datafield tag="710" ind1="2" ind2=" ">
    <subfield code="a">Frederic W. Goudy Collection (Library of Congress)</subfield>
    <subfield code="5">DLC</subfield>
  </datafield>
  <datafield tag="952" ind1=" " ind2=" ">
    <subfield code="a">Recat to AACR2: vj46 12-19-86.</subfield>
  </datafield>
  <datafield tag="952" ind1=" " ind2=" ">
    <subfield code="a">LAC tnb 2019-12-23 no edits (6 cards)</subfield>
  </datafield>
  <datafield tag="952" ind1=" " ind2=" ">
    <subfield code="a">LAC ecr 2020-01-02 review</subfield>
  </datafield>
  <datafield tag="984" ind1=" " ind2=" ">
    <subfield code="a">rsl</subfield>
    <subfield code="d">2019-12-23</subfield>
  </datafield>
  <datafield tag="984" ind1=" " ind2=" ">
    <subfield code="a">gsl</subfield>
  </datafield>
  <datafield tag="985" ind1=" " ind2=" ">
    <subfield code="a">rblacfederal</subfield>
    <subfield code="d">20191223</subfield>
  </datafield>
  <datafield tag="985" ind1=" " ind2=" ">
    <subfield code="a">rarebk/goudy</subfield>
    <subfield code="e">rbc</subfield>
  </datafield>
  <datafield tag="991" ind1=" " ind2=" ">
    <subfield code="b">c-RareBook</subfield>
    <subfield code="h">PR5774</subfield>
    <subfield code="i">.D6 1911</subfield>
    <subfield code="t">Copy 1</subfield>
    <subfield code="m">Goudy Coll</subfield>
    <subfield code="w">BOOKS</subfield>
  </datafield>
  <datafield tag="991" ind1=" " ind2=" ">
    <subfield code="b">c-RareBook</subfield>
    <subfield code="h">PR5774</subfield>
    <subfield code="i">.D6 1911</subfield>
    <subfield code="t">Copy 2</subfield>
    <subfield code="w">BOOKS</subfield>
  </datafield>
  <datafield tag="991" ind1=" " ind2=" ">
    <subfield code="b">c-RareBook</subfield>
    <subfield code="h">PR5774</subfield>
    <subfield code="i">.D6 1911</subfield>
    <subfield code="t">Copy 3</subfield>
    <subfield code="m">Goudy Coll</subfield>
    <subfield code="w">BOOKS</subfield>
  </datafield>
  <datafield tag="991" ind1=" " ind2=" ">
    <subfield code="b">c-RareBook</subfield>
    <subfield code="h">PR5774</subfield>
    <subfield code="i">.D6 1911</subfield>
    <subfield code="t">Copy 4</subfield>
    <subfield code="m">Goudy Coll</subfield>
    <subfield code="w">BOOKS</subfield>
  </datafield>
</record>