
<record>
  <leader>01760pam a2200421 a 4500</leader>
  <controlfield tag="001">4277251</controlfield>
  <controlfield tag="005">20200102153722.0</controlfield>
  <controlfield tag="008">850327t19851984dcua     b    001 0 eng  </controlfield>
  <datafield tag="906" ind1=" " ind2=" ">
    <subfield code="a">7</subfield>
    <subfield code="b">cbc</subfield>
    <subfield code="c">orignew</subfield>
    <subfield code="d">1</subfield>
    <subfield code="e">ocip</subfield>
    <subfield code="f">19</subfield>
    <subfield code="g">y-gencatlg</subfield>
  </datafield>
  <datafield tag="955" ind1=" " ind2=" ">
    <subfield code="e">CatRefProj bc15 2010-8-24</subfield>
    <subfield code="e">hh14 2016-10-13 CatRef copy to GenColl</subfield>
  </datafield>
  <datafield tag="035" ind1=" " ind2=" ">
    <subfield code="9">(DLC)   85007393</subfield>
  </datafield>
  <datafield tag="010" ind1=" " ind2=" ">
    <subfield code="a">   85007393 </subfield>
  </datafield>
  <datafield tag="040" ind1=" " ind2=" ">
    <subfield code="a">DLC</subfield>
    <subfield code="c">DLC</subfield>
    <subfield code="d">DLC</subfield>
  </datafield>
  <datafield tag="043" ind1=" " ind2=" ">
    <subfield code="a">f-lb---</subfield>
  </datafield>
  <datafield tag="050" ind1="0" ind2="0">
    <subfield code="a">DT624</subfield>
    <subfield code="b">.L54 1985</subfield>
  </datafield>
  <datafield tag="082" ind1="0" ind2="0">
    <subfield code="a">966.6/2</subfield>
    <subfield code="2">19</subfield>
  </datafield>
  <datafield tag="245" ind1="0" ind2="0">
    <subfield code="a">Liberia, a country study /</subfield>
    <subfield code="c">Foreign Area Studies, the American University ; edited by Harold D. Nelson.</subfield>
  </datafield>
  <datafield tag="250" ind1=" " ind2=" ">
    <subfield code="a">3rd ed.</subfield>
  </datafield>
  <datafield tag="260" ind1=" " ind2=" ">
    <subfield code="a">Washington, D.C. :</subfield>
    <subfield code="b">The Studies :</subfield>
    <subfield code="b">For sale by the Supt. of Docs., U.S. G.P.O.,</subfield>
    <subfield code="c">1984, c1985.</subfield>
  </datafield>
  <datafield tag="300" ind1=" " ind2=" ">
    <subfield code="a">xxxi, 340 p. :</subfield>
    <subfield code="b">ill. ;</subfield>
    <subfield code="c">24 cm.</subfield>
  </datafield>
  <datafield tag="440" ind1=" " ind2="0">
    <subfield code="a">Area handbook series</subfield>
  </datafield>
  <datafield tag="440" ind1=" " ind2="0">
    <subfield code="a">DA pam ;</subfield>
    <subfield code="v">550-38</subfield>
  </datafield>
  <datafield tag="500" ind1=" " ind2=" ">
    <subfield code="a">Rev. ed. of: Area handbook for Liberia. 1972.</subfield>
  </datafield>
  <datafield tag="500" ind1=" " ind2=" ">
    <subfield code="a">&quot;Research completed September 1984.&quot;</subfield>
  </datafield>
  <datafield tag="504" ind1=" " ind2=" ">
    <subfield code="a">Bibliography: p. 303-321.</subfield>
  </datafield>
  <datafield tag="500" ind1=" " ind2=" ">
    <subfield code="a">Includes index.</subfield>
  </datafield>
  <datafield tag="651" ind1=" " ind2="0">
    <subfield code="a">Liberia.</subfield>
  </datafield>
  <datafield tag="700" ind1="1" ind2=" ">
    <subfield code="a">Nelson, Harold D.</subfield>
  </datafield>
  <datafield tag="730" ind1="0" ind2=" ">
    <subfield code="a">Area handbook for Liberia.</subfield>
  </datafield>
  <datafield tag="710" ind1="2" ind2=" ">
    <subfield code="a">American University (Washington, D.C.).</subfield>
    <subfield code="b">Foreign Area Studies.</subfield>
  </datafield>
  <datafield tag="952" ind1=" " ind2=" ">
    <subfield code="a">Previous ed. cataloged under: Roberts, Thomas Duval, 1903-</subfield>
  </datafield>
  <datafield tag="991" ind1=" " ind2=" ">
    <subfield code="b">c-GenColl</subfield>
    <subfield code="h">DT624</subfield>
    <subfield code="i">.L54 1985</subfield>
    <subfield code="t">Copy 1</subfield>
    <subfield code="w">BOOKS</subfield>
  </datafield>
  <datafield tag="991" ind1=" " ind2=" ">
    <subfield code="b">c-GenColl</subfield>
    <subfield code="h">DT624</subfield>
    <subfield code="i">.L54 1985</subfield>
    <subfield code="p">00010002345</subfield>
    <subfield code="t">Copy 908</subfield>
    <subfield code="w">CCF</subfield>
  </datafield>
  <datafield tag="991" ind1=" " ind2=" ">
    <subfield code="b">c-GenColl</subfield>
    <subfield code="h">DT624</subfield>
    <subfield code="i">.L54 1985</subfield>
    <subfield code="p">0000433887A</subfield>
    <subfield code="t">Copy 3</subfield>
    <subfield code="w">CCF</subfield>
  </datafield>
  <datafield tag="991" ind1=" " ind2=" ">
    <subfield code="b">c-GenColl</subfield>
    <subfield code="h">DT624</subfield>
    <subfield code="i">.L54 1985</subfield>
    <subfield code="p">00005713158</subfield>
    <subfield code="t">Copy 4</subfield>
    <subfield code="w">CCF</subfield>
  </datafield>
  <datafield tag="991" ind1=" " ind2=" ">
    <subfield code="b">r-MRR</subfield>
    <subfield code="h">DT624</subfield>
    <subfield code="i">.L54 1985</subfield>
    <subfield code="t">Copy 1</subfield>
    <subfield code="m">Alc</subfield>
    <subfield code="w">GenBib bi 87-020050</subfield>
  </datafield>
  <datafield tag="991" ind1=" " ind2=" ">
    <subfield code="b">r-N&amp;CPR</subfield>
    <subfield code="h">DT624</subfield>
    <subfield code="i">.L54 1985</subfield>
    <subfield code="t">Copy 999</subfield>
    <subfield code="m">GovDoc</subfield>
    <subfield code="w">GenBib bi 92-001503</subfield>
  </datafield>
  <datafield tag="991" ind1=" " ind2=" ">
    <subfield code="b">r-AfrRef</subfield>
    <subfield code="h">DT624</subfield>
    <subfield code="i">.L54 1985</subfield>
    <subfield code="t">Copy 999</subfield>
    <subfield code="w">GenBib bi 99-007947</subfield>
  </datafield>
</record>