
<record>
  <leader>01625cam a2200373 a 4500</leader>
  <controlfield tag="001">4503275</controlfield>
  <controlfield tag="005">20200102003803.0</controlfield>
  <controlfield tag="008">971120m19969999ii            000 0akano </controlfield>
  <datafield tag="035" ind1=" " ind2=" ">
    <subfield code="9">(DLC)   97905803</subfield>
  </datafield>
  <datafield tag="906" ind1=" " ind2=" ">
    <subfield code="a">7</subfield>
    <subfield code="b">cbc</subfield>
    <subfield code="c">origode</subfield>
    <subfield code="d">2</subfield>
    <subfield code="e">ncip</subfield>
    <subfield code="f">19</subfield>
    <subfield code="g">y-gencatlg</subfield>
  </datafield>
  <datafield tag="955" ind1=" " ind2=" ">
    <subfield code="a">wd22;09/16/97; ye07 06-17-98 wd22 2007-06-07 ADDED VOL.: v. 2 to RCCD</subfield>
    <subfield code="e">th14 2008-04-12 v.2 to FM/Asian</subfield>
  </datafield>
  <datafield tag="955" ind1=" " ind2=" ">
    <subfield code="a">wd46 2019-04-04 volume 3 to Selcom</subfield>
    <subfield code="c">wd46 2019-12-2019 volume 3 to Asian</subfield>
  </datafield>
  <datafield tag="010" ind1=" " ind2=" ">
    <subfield code="a">   97905803 </subfield>
  </datafield>
  <datafield tag="020" ind1=" " ind2=" ">
    <subfield code="a">8183800750</subfield>
    <subfield code="q">(v. 2)</subfield>
  </datafield>
  <datafield tag="020" ind1=" " ind2=" ">
    <subfield code="a">9789387192287</subfield>
    <subfield code="q">(v. 3)</subfield>
  </datafield>
  <datafield tag="025" ind1=" " ind2=" ">
    <subfield code="a">I-Kan-97-905803; 12</subfield>
  </datafield>
  <datafield tag="040" ind1=" " ind2=" ">
    <subfield code="a">DLC</subfield>
    <subfield code="c">DLC</subfield>
  </datafield>
  <datafield tag="042" ind1=" " ind2=" ">
    <subfield code="a">lcode</subfield>
  </datafield>
  <datafield tag="043" ind1=" " ind2=" ">
    <subfield code="a">a-ii---</subfield>
  </datafield>
  <datafield tag="050" ind1="0" ind2="0">
    <subfield code="a">PL4659.S5529</subfield>
    <subfield code="b">Z87 1996</subfield>
  </datafield>
  <datafield tag="100" ind1="0" ind2=" ">
    <subfield code="a">Siddhaliṅgayya,</subfield>
    <subfield code="d">1954-</subfield>
  </datafield>
  <datafield tag="245" ind1="1" ind2="0">
    <subfield code="a">Ūru kēri :</subfield>
    <subfield code="b">ātmakathana /</subfield>
    <subfield code="c">Ḍā. Siddhaliṅgayya ; hinnuḍi, Ḍi. Ār. Nāgarāj.</subfield>
  </datafield>
  <datafield tag="246" ind1="1" ind2=" ">
    <subfield code="a">Title on t.p. verso of v. 2 :</subfield>
    <subfield code="i">Ooru keri</subfield>
  </datafield>
  <datafield tag="250" ind1=" " ind2=" ">
    <subfield code="a">1st ed.</subfield>
  </datafield>
  <datafield tag="260" ind1=" " ind2=" ">
    <subfield code="a">Heggōḍu, Sāgara :</subfield>
    <subfield code="b">Akṣara Prakāśana,</subfield>
    <subfield code="c">1996-&lt;2018 &gt;</subfield>
  </datafield>
  <datafield tag="300" ind1=" " ind2=" ">
    <subfield code="a">v. &lt;1-3&gt; ;</subfield>
    <subfield code="c">19 cm.</subfield>
  </datafield>
  <datafield tag="546" ind1=" " ind2=" ">
    <subfield code="a">In Kannada.</subfield>
  </datafield>
  <datafield tag="520" ind1=" " ind2=" ">
    <subfield code="a">Autobiography of a 20th century Kannada poet.</subfield>
  </datafield>
  <datafield tag="600" ind1="0" ind2="0">
    <subfield code="a">Siddhaliṅgayya,</subfield>
    <subfield code="d">1954-</subfield>
  </datafield>
  <datafield tag="650" ind1=" " ind2="0">
    <subfield code="a">Poets, Kannada</subfield>
    <subfield code="y">20th century</subfield>
    <subfield code="x">Biography.</subfield>
  </datafield>
  <datafield tag="767" ind1="0" ind2=" ">
    <subfield code="i">Translated as (expression)</subfield>
    <subfield code="a">Siddhaliṅgayya, 1954-</subfield>
    <subfield code="t">A word with you, world : the autobiography of a poet</subfield>
    <subfield code="b">First combined edition.</subfield>
    <subfield code="d">New Delhi : Navayana Publishing Pvt. Ltd., 2013.</subfield>
    <subfield code="h">302 pages : illustrations ; 22 cm</subfield>
    <subfield code="w">(DLC) 2013334727</subfield>
    <subfield code="z">ISBN 9788189059552 (pbk.)</subfield>
    <subfield code="z">ISBN 8189059556 (pbk.)</subfield>
  </datafield>
  <datafield tag="922" ind1=" " ind2=" ">
    <subfield code="a">fa</subfield>
  </datafield>
  <datafield tag="985" ind1=" " ind2=" ">
    <subfield code="e">APIF/ODE-nd</subfield>
  </datafield>
  <datafield tag="991" ind1=" " ind2=" ">
    <subfield code="b">c-Asian</subfield>
    <subfield code="h">PL4659.S5529</subfield>
    <subfield code="i">Z87 1996</subfield>
    <subfield code="t">Copy 1</subfield>
    <subfield code="m">Kan</subfield>
    <subfield code="w">BOOKS</subfield>
  </datafield>
</record>