
<record>
  <leader>02415cam a2200373 i 4500</leader>
  <controlfield tag="001">4525571</controlfield>
  <controlfield tag="005">20200102115406.0</controlfield>
  <controlfield tag="008">751223t19061905nyuaf         000 f eng  </controlfield>
  <datafield tag="906" ind1=" " ind2=" ">
    <subfield code="a">7</subfield>
    <subfield code="b">cbc</subfield>
    <subfield code="c">orignew</subfield>
    <subfield code="d">u</subfield>
    <subfield code="e">ocip</subfield>
    <subfield code="f">19</subfield>
    <subfield code="g">y-gencatlg</subfield>
  </datafield>
  <datafield tag="955" ind1=" " ind2=" ">
    <subfield code="t">he19 2020-01-02</subfield>
  </datafield>
  <datafield tag="035" ind1=" " ind2=" ">
    <subfield code="9">(DLC)   06011542</subfield>
  </datafield>
  <datafield tag="010" ind1=" " ind2=" ">
    <subfield code="a">   06011542 </subfield>
  </datafield>
  <datafield tag="040" ind1=" " ind2=" ">
    <subfield code="a">DLC</subfield>
    <subfield code="b">eng</subfield>
    <subfield code="e">rda</subfield>
    <subfield code="c">DLC</subfield>
    <subfield code="d">DLC</subfield>
  </datafield>
  <datafield tag="042" ind1=" " ind2=" ">
    <subfield code="a">pcc</subfield>
  </datafield>
  <datafield tag="043" ind1=" " ind2=" ">
    <subfield code="a">n-cn-yk</subfield>
  </datafield>
  <datafield tag="050" ind1="1" ind2="0">
    <subfield code="a">PZ3.B353</subfield>
    <subfield code="b">Sp</subfield>
    <subfield code="a">PS3503.E1135</subfield>
  </datafield>
  <datafield tag="051" ind1=" " ind2=" ">
    <subfield code="a">PS3503.E1135</subfield>
    <subfield code="b">S68 1906 Copy 1</subfield>
    <subfield code="c">Address label of Mr. &amp; Mrs. Basil Bellows, Box 98, Newell, Iowa, 50568 on front paste-down.</subfield>
  </datafield>
  <datafield tag="100" ind1="1" ind2=" ">
    <subfield code="a">Beach, Rex,</subfield>
    <subfield code="d">1877-1949,</subfield>
    <subfield code="e">author.</subfield>
  </datafield>
  <datafield tag="245" ind1="1" ind2="4">
    <subfield code="a">The spoilers /</subfield>
    <subfield code="c">by Rex E. Beach ; illustrated by Clarence F. Underwood.</subfield>
  </datafield>
  <datafield tag="264" ind1=" " ind2="1">
    <subfield code="a">New York and London :</subfield>
    <subfield code="b">Harper &amp; Brothers Publishers,</subfield>
    <subfield code="c">MCMVI [1906]</subfield>
  </datafield>
  <datafield tag="264" ind1=" " ind2="4">
    <subfield code="c">©1905</subfield>
  </datafield>
  <datafield tag="300" ind1=" " ind2=" ">
    <subfield code="a">313 pages, 4 unnumbered leaves of plates :</subfield>
    <subfield code="b">illustrations ;</subfield>
    <subfield code="c">20 cm</subfield>
  </datafield>
  <datafield tag="336" ind1=" " ind2=" ">
    <subfield code="a">text</subfield>
    <subfield code="b">txt</subfield>
    <subfield code="2">rdacontent</subfield>
  </datafield>
  <datafield tag="337" ind1=" " ind2=" ">
    <subfield code="a">unmediated</subfield>
    <subfield code="b">n</subfield>
    <subfield code="2">rdamedia</subfield>
  </datafield>
  <datafield tag="338" ind1=" " ind2=" ">
    <subfield code="a">volume</subfield>
    <subfield code="b">nc</subfield>
    <subfield code="2">rdacarrier</subfield>
  </datafield>
  <datafield tag="500" ind1=" " ind2=" ">
    <subfield code="a">&quot;Published April, 1906&quot;--Title page verso.</subfield>
  </datafield>
  <datafield tag="520" ind1=" " ind2=" ">
    <subfield code="a">&quot;A lucky strike by a pair of prospectors turns into a nightmare when crooked politicians attempt to steal their claim. Loaded with action and romance, this 1906 bestseller recaptures the excitement of the Gold Rush era, when thousands of prospectors headed to Alaska in hopes of finding riches. Miners, gamblers, and fortune-hunters of every description populate these pages, chasing their dreams among the rowdy camps and boom towns of the frozen north. Author Rex Beach, known as the Victor Hugo of the North, based this novel on a true series of events involving the theft of Yukon gold mines by corrupt politicians. Beach seasoned the dramatic tale with incidents from his own experiences prospecting for gold in Nome at the beginning of the twentieth century. Five different movie versions of The Spoilers include versions with John Wayne and Gary Cooper in the role of the rugged hero&quot;--</subfield>
    <subfield code="c">Provided by publisher.</subfield>
  </datafield>
  <datafield tag="650" ind1=" " ind2="0">
    <subfield code="a">Gold mines and mining</subfield>
    <subfield code="z">Yukon River Valley (Yukon and Alaska)</subfield>
    <subfield code="v">Fiction.</subfield>
  </datafield>
  <datafield tag="650" ind1=" " ind2="0">
    <subfield code="a">Frontier and pioneer life</subfield>
    <subfield code="z">Yukon River Valley (Yukon and Alaska)</subfield>
    <subfield code="v">Fiction.</subfield>
  </datafield>
  <datafield tag="651" ind1=" " ind2="0">
    <subfield code="a">Yukon River Valley (Yukon and Alaska)</subfield>
    <subfield code="x">History</subfield>
    <subfield code="y">19th century</subfield>
    <subfield code="v">Fiction.</subfield>
  </datafield>
  <datafield tag="655" ind1=" " ind2="7">
    <subfield code="a">Historical fiction.</subfield>
    <subfield code="2">lcgft</subfield>
  </datafield>
  <datafield tag="655" ind1=" " ind2="7">
    <subfield code="a">Western stories.</subfield>
    <subfield code="2">gsafd</subfield>
  </datafield>
  <datafield tag="700" ind1="1" ind2=" ">
    <subfield code="a">Underwood, Clarence F.,</subfield>
    <subfield code="e">illustrator.</subfield>
  </datafield>
  <datafield tag="985" ind1=" " ind2=" ">
    <subfield code="a">WSL/WSL</subfield>
    <subfield code="e">COMARC</subfield>
  </datafield>
</record>