
<record>
  <leader>00907cam a2200241 a 4500</leader>
  <controlfield tag="001">4711410</controlfield>
  <controlfield tag="005">20200102141903.0</controlfield>
  <controlfield tag="008">830210s1981    ru a     b    000 0 ruso </controlfield>
  <datafield tag="906" ind1=" " ind2=" ">
    <subfield code="a">7</subfield>
    <subfield code="b">cbc</subfield>
    <subfield code="c">orignew</subfield>
    <subfield code="d">4</subfield>
    <subfield code="e">ncip</subfield>
    <subfield code="f">19</subfield>
    <subfield code="g">y-gencatlg</subfield>
  </datafield>
  <datafield tag="010" ind1=" " ind2=" ">
    <subfield code="a">   82466292 </subfield>
  </datafield>
  <datafield tag="020" ind1=" " ind2=" ">
    <subfield code="c">1.40rub</subfield>
  </datafield>
  <datafield tag="035" ind1=" " ind2=" ">
    <subfield code="9">(DLC)   82466292</subfield>
  </datafield>
  <datafield tag="040" ind1=" " ind2=" ">
    <subfield code="a">DLC</subfield>
    <subfield code="c">DLC</subfield>
    <subfield code="d">DLC</subfield>
  </datafield>
  <datafield tag="050" ind1="0" ind2="0">
    <subfield code="a">TL697.H9</subfield>
    <subfield code="b">P76 1981</subfield>
  </datafield>
  <datafield tag="245" ind1="0" ind2="0">
    <subfield code="a">Proektirovanie sledi︠a︡shchikh gidravlicheskikh privodov letatelʹnykh apparatov /</subfield>
    <subfield code="c">[avtory A.I. Bazhenov ... et al.] ; pod redakt︠s︡ieĭ N.S. Gamynina.</subfield>
  </datafield>
  <datafield tag="260" ind1=" " ind2=" ">
    <subfield code="a">Moskva :</subfield>
    <subfield code="b">&quot;Mashinostroenie&quot;,</subfield>
    <subfield code="c">1981.</subfield>
  </datafield>
  <datafield tag="300" ind1=" " ind2=" ">
    <subfield code="a">311 p. :</subfield>
    <subfield code="b">ill. ;</subfield>
    <subfield code="c">22 cm.</subfield>
  </datafield>
  <datafield tag="504" ind1=" " ind2=" ">
    <subfield code="a">Bibliography: p. [310]</subfield>
  </datafield>
  <datafield tag="650" ind1=" " ind2="0">
    <subfield code="a">Airplanes</subfield>
    <subfield code="x">Hydraulic equipment.</subfield>
  </datafield>
  <datafield tag="650" ind1=" " ind2="0">
    <subfield code="a">Hydraulic servomechanisms.</subfield>
  </datafield>
  <datafield tag="700" ind1="1" ind2=" ">
    <subfield code="a">Bazhenov, A. I.</subfield>
    <subfield code="q">(Alekseĭ Ivanovich</subfield>
  </datafield>
  <datafield tag="700" ind1="1" ind2=" ">
    <subfield code="a">Gamynin, N. S.</subfield>
    <subfield code="q">(Nikolaĭ Sergeevich)</subfield>
  </datafield>
  <datafield tag="991" ind1=" " ind2=" ">
    <subfield code="b">c-GenColl</subfield>
    <subfield code="h">TL697.H9</subfield>
    <subfield code="i">P76 1981</subfield>
    <subfield code="t">Copy 1</subfield>
    <subfield code="w">BOOKS</subfield>
  </datafield>
</record>