
<record>
  <leader>01444cam a2200301 a 4500</leader>
  <controlfield tag="001">4760501</controlfield>
  <controlfield tag="005">20200102073936.0</controlfield>
  <controlfield tag="008">850828s1978    le       b   f000 0 arar </controlfield>
  <datafield tag="906" ind1=" " ind2=" ">
    <subfield code="a">7</subfield>
    <subfield code="b">cbc</subfield>
    <subfield code="c">orignew</subfield>
    <subfield code="d">2</subfield>
    <subfield code="e">ncip</subfield>
    <subfield code="f">19</subfield>
    <subfield code="g">y-gencatlg</subfield>
  </datafield>
  <datafield tag="955" ind1=" " ind2=" ">
    <subfield code="s">cm11 2020-01-02 Copy 2 to surplus</subfield>
  </datafield>
  <datafield tag="010" ind1=" " ind2=" ">
    <subfield code="a">   85198402 </subfield>
  </datafield>
  <datafield tag="035" ind1=" " ind2=" ">
    <subfield code="9">(DLC)   85198402</subfield>
  </datafield>
  <datafield tag="040" ind1=" " ind2=" ">
    <subfield code="a">DLC</subfield>
    <subfield code="c">DLC</subfield>
    <subfield code="d">DLC</subfield>
  </datafield>
  <datafield tag="043" ind1=" " ind2=" ">
    <subfield code="a">a-le---</subfield>
  </datafield>
  <datafield tag="050" ind1="0" ind2="0">
    <subfield code="a">Z6958.L4</subfield>
    <subfield code="b">D33 1978</subfield>
  </datafield>
  <datafield tag="100" ind1="1" ind2=" ">
    <subfield code="a">Dāghir, Yūsuf Asʻad.</subfield>
  </datafield>
  <datafield tag="245" ind1="0" ind2="0">
    <subfield code="a">Qāmūs al-siḥāfah al-Lubnānīyah, 1858-1974 :</subfield>
    <subfield code="b">wa-huwa muʻjam yuʻarrif wa-yuʼrrikh lil-ṣuḥuf wa-al-dawrīyāt al-latī aṣdarahā al-Lubnāniyūn fī Lubnān wa-al-khārij /</subfield>
    <subfield code="c">taʼlīf Yūsuf Asʻad Dāghir.</subfield>
  </datafield>
  <datafield tag="260" ind1=" " ind2=" ">
    <subfield code="a">Bayrūt :</subfield>
    <subfield code="b">al-Jāmiʻah al-Lubnānīyah :</subfield>
    <subfield code="b">al-Tawzīʻ, al-Maktabah al-Sharqīyah,</subfield>
    <subfield code="c">1978.</subfield>
  </datafield>
  <datafield tag="300" ind1=" " ind2=" ">
    <subfield code="a">526, [25] p. ;</subfield>
    <subfield code="c">25 cm.</subfield>
  </datafield>
  <datafield tag="490" ind1="1" ind2=" ">
    <subfield code="a">Manshūrāt al-Jāmiʻah al-Lubnānīyah. Qism al-Dirāsāt al-Adabīyah</subfield>
  </datafield>
  <datafield tag="500" ind1=" " ind2=" ">
    <subfield code="a">Title on added t.p.: Dictionnaire de la presse libanaise (1858-1974)</subfield>
  </datafield>
  <datafield tag="504" ind1=" " ind2=" ">
    <subfield code="a">Bibliography: p. [19-25]</subfield>
  </datafield>
  <datafield tag="650" ind1=" " ind2="0">
    <subfield code="a">Lebanese periodicals</subfield>
    <subfield code="x">Bibliography.</subfield>
  </datafield>
  <datafield tag="650" ind1=" " ind2="0">
    <subfield code="a">Lebanese newspapers</subfield>
    <subfield code="x">Bibliography.</subfield>
  </datafield>
  <datafield tag="650" ind1=" " ind2="0">
    <subfield code="a">Press</subfield>
    <subfield code="z">Lebanon</subfield>
    <subfield code="x">Bibliography.</subfield>
  </datafield>
  <datafield tag="740" ind1="0" ind2=" ">
    <subfield code="a">Dictionnaire de la presse libanaise (1958-1974)</subfield>
  </datafield>
  <datafield tag="830" ind1=" " ind2="0">
    <subfield code="a">Manshūrāt al-Jāmiʻah al-Lubnānīyah.</subfield>
    <subfield code="p">Qism al-Dirāsāt al-Adabīyah.</subfield>
  </datafield>
  <datafield tag="991" ind1=" " ind2=" ">
    <subfield code="b">c-AMED</subfield>
    <subfield code="h">Z6958.L4</subfield>
    <subfield code="i">D33 1978</subfield>
    <subfield code="p">00020220429</subfield>
    <subfield code="t">Copy 1</subfield>
    <subfield code="m">Arab</subfield>
    <subfield code="w">BOOKS</subfield>
  </datafield>
</record>