
<record>
  <leader>01480cam a2200325 a 4500</leader>
  <controlfield tag="001">4807036</controlfield>
  <controlfield tag="005">20200102152957.0</controlfield>
  <controlfield tag="008">880513s1987    pl af    b    001 0 pol  </controlfield>
  <datafield tag="906" ind1=" " ind2=" ">
    <subfield code="a">7</subfield>
    <subfield code="b">cbc</subfield>
    <subfield code="c">orignew</subfield>
    <subfield code="d">4</subfield>
    <subfield code="e">ncip</subfield>
    <subfield code="f">19</subfield>
    <subfield code="g">y-gencatlg</subfield>
  </datafield>
  <datafield tag="955" ind1=" " ind2=" ">
    <subfield code="a">ep35 05-13-88; fg05 10-03-88</subfield>
  </datafield>
  <datafield tag="035" ind1=" " ind2=" ">
    <subfield code="9">(DLC)   88140612</subfield>
  </datafield>
  <datafield tag="010" ind1=" " ind2=" ">
    <subfield code="a">   88140612 </subfield>
  </datafield>
  <datafield tag="040" ind1=" " ind2=" ">
    <subfield code="a">DLC</subfield>
    <subfield code="c">DLC</subfield>
    <subfield code="d">DLC</subfield>
  </datafield>
  <datafield tag="041" ind1="0" ind2=" ">
    <subfield code="a">pol</subfield>
    <subfield code="b">engfregerrus</subfield>
  </datafield>
  <datafield tag="043" ind1=" " ind2=" ">
    <subfield code="a">e-pl---</subfield>
  </datafield>
  <datafield tag="050" ind1="0" ind2="0">
    <subfield code="a">TN95.P7</subfield>
    <subfield code="b">K56 1987</subfield>
  </datafield>
  <datafield tag="110" ind1="2" ind2=" ">
    <subfield code="a">Komisja Kruszcowa (Poland)</subfield>
  </datafield>
  <datafield tag="245" ind1="1" ind2="0">
    <subfield code="a">Protokoły posiedzeń Komisji Kruszcowej 1782-1787 /</subfield>
    <subfield code="c">opracowanie i redakcja Wacław Różański, Zbigniew J. Wójcik.</subfield>
  </datafield>
  <datafield tag="260" ind1=" " ind2=" ">
    <subfield code="a">Kraków :</subfield>
    <subfield code="b">Akademia Górniczo-Hutnicza im. S. Staszica w Krakowie, Stowarzyszenie Wychowanków Akademii Górniczo-Hutniczej w Krakowie ;</subfield>
    <subfield code="a">Kielce :</subfield>
    <subfield code="b">Tow. Przyjaciół Górnictwa, Hutnictwa i Przemysłu Staropolskiego w Kielcach,</subfield>
    <subfield code="c">1987.</subfield>
  </datafield>
  <datafield tag="300" ind1=" " ind2=" ">
    <subfield code="a">76 p., [14] p. of plates :</subfield>
    <subfield code="b">ill. ;</subfield>
    <subfield code="c">24 cm.</subfield>
  </datafield>
  <datafield tag="440" ind1=" " ind2="0">
    <subfield code="a">Dokumenty do historii polskiego górnictwa i hutnictwa</subfield>
  </datafield>
  <datafield tag="500" ind1=" " ind2=" ">
    <subfield code="a">Summary in English, French, German, and Russian.</subfield>
  </datafield>
  <datafield tag="504" ind1=" " ind2=" ">
    <subfield code="a">Includes bibliographical references and indexes.</subfield>
  </datafield>
  <datafield tag="650" ind1=" " ind2="0">
    <subfield code="a">Mines and mineral resources</subfield>
    <subfield code="z">Poland</subfield>
    <subfield code="x">History</subfield>
    <subfield code="x">Sources.</subfield>
  </datafield>
  <datafield tag="650" ind1=" " ind2="0">
    <subfield code="a">Geology</subfield>
    <subfield code="z">Poland</subfield>
    <subfield code="x">History</subfield>
    <subfield code="x">Sources.</subfield>
  </datafield>
  <datafield tag="610" ind1="2" ind2="0">
    <subfield code="a">Komisja Kruszcowa (Poland)</subfield>
    <subfield code="x">History</subfield>
    <subfield code="x">Sources.</subfield>
  </datafield>
  <datafield tag="700" ind1="1" ind2=" ">
    <subfield code="a">Różański, Wacław.</subfield>
  </datafield>
  <datafield tag="700" ind1="1" ind2=" ">
    <subfield code="a">Wójcik, Zbigniew,</subfield>
    <subfield code="d">1922-2014.</subfield>
  </datafield>
  <datafield tag="922" ind1=" " ind2=" ">
    <subfield code="a">ax</subfield>
  </datafield>
  <datafield tag="991" ind1=" " ind2=" ">
    <subfield code="b">c-GenColl</subfield>
    <subfield code="h">TN95.P7</subfield>
    <subfield code="i">K56 1987</subfield>
    <subfield code="p">00002976122</subfield>
    <subfield code="t">Copy 1</subfield>
    <subfield code="w">BOOKS</subfield>
  </datafield>
</record>