
<record>
  <leader>01248cem a2200337   4500</leader>
  <controlfield tag="001">5431383</controlfield>
  <controlfield tag="005">20200102154624.0</controlfield>
  <controlfield tag="007">aj|canzn</controlfield>
  <controlfield tag="007">cr |||||||||||</controlfield>
  <controlfield tag="008">760727s1975    cou       a     0   eng  </controlfield>
  <datafield tag="906" ind1=" " ind2=" ">
    <subfield code="a">7</subfield>
    <subfield code="b">cbc</subfield>
    <subfield code="c">orignew</subfield>
    <subfield code="d">u</subfield>
    <subfield code="e">ncip</subfield>
    <subfield code="f">19</subfield>
    <subfield code="g">y-geogmaps</subfield>
  </datafield>
  <datafield tag="035" ind1=" " ind2=" ">
    <subfield code="9">(DLC)   76695584</subfield>
  </datafield>
  <datafield tag="010" ind1=" " ind2=" ">
    <subfield code="a">   76695584 </subfield>
  </datafield>
  <datafield tag="040" ind1=" " ind2=" ">
    <subfield code="a">DLC</subfield>
    <subfield code="c">DLC</subfield>
    <subfield code="d">DLC</subfield>
  </datafield>
  <datafield tag="050" ind1="0" ind2="0">
    <subfield code="a">G4051.N4 1975</subfield>
    <subfield code="b">.U5</subfield>
  </datafield>
  <datafield tag="052" ind1=" " ind2=" ">
    <subfield code="a">4051</subfield>
  </datafield>
  <datafield tag="110" ind1="1" ind2=" ">
    <subfield code="a">United States.</subfield>
    <subfield code="b">Bureau of Reclamation.</subfield>
  </datafield>
  <datafield tag="245" ind1="1" ind2="0">
    <subfield code="a">Reclamation power facilities in service and under construction.</subfield>
  </datafield>
  <datafield tag="260" ind1=" " ind2=" ">
    <subfield code="a">Denver,</subfield>
    <subfield code="c">1975.</subfield>
  </datafield>
  <datafield tag="300" ind1=" " ind2=" ">
    <subfield code="a">col. map</subfield>
    <subfield code="c">25 x 34 cm.</subfield>
  </datafield>
  <datafield tag="507" ind1=" " ind2=" ">
    <subfield code="a">Scale ca. 1:120,000.</subfield>
  </datafield>
  <datafield tag="500" ind1=" " ind2=" ">
    <subfield code="a">Includes listings of various power projects and &quot;Regional offices.&quot;</subfield>
  </datafield>
  <datafield tag="530" ind1=" " ind2=" ">
    <subfield code="a">Available also through the Library of Congress Web site as a raster image.</subfield>
  </datafield>
  <datafield tag="650" ind1=" " ind2="0">
    <subfield code="a">Electric power distribution</subfield>
    <subfield code="z">West (U.S.)</subfield>
    <subfield code="v">Maps.</subfield>
  </datafield>
  <datafield tag="650" ind1=" " ind2="0">
    <subfield code="a">Interconnected electric utility systems</subfield>
    <subfield code="z">West (U.S.)</subfield>
    <subfield code="v">Maps.</subfield>
  </datafield>
  <datafield tag="650" ind1=" " ind2="0">
    <subfield code="a">Electric power plants</subfield>
    <subfield code="z">West (U.S.)</subfield>
    <subfield code="v">Maps.</subfield>
  </datafield>
  <datafield tag="662" ind1=" " ind2=" ">
    <subfield code="a">United States</subfield>
    <subfield code="c">West.</subfield>
    <subfield code="2">lcsh</subfield>
  </datafield>
  <datafield tag="852" ind1=" " ind2=" ">
    <subfield code="a">Library of Congress</subfield>
    <subfield code="b">Geography and Map Division</subfield>
    <subfield code="e">Washington, D.C. 20540-4650 USA</subfield>
    <subfield code="n">dcu</subfield>
  </datafield>
  <datafield tag="952" ind1=" " ind2=" ">
    <subfield code="a">AACR2</subfield>
  </datafield>
  <datafield tag="985" ind1=" " ind2=" ">
    <subfield code="a">GMD/CT</subfield>
    <subfield code="e">ammem</subfield>
  </datafield>
  <datafield tag="991" ind1=" " ind2=" ">
    <subfield code="b">c-G&amp;M</subfield>
    <subfield code="h">G4051.N4 1975</subfield>
    <subfield code="i">.U5</subfield>
    <subfield code="t">Copy 1</subfield>
    <subfield code="w">MAPS</subfield>
  </datafield>
</record>