
<record>
  <leader>01624cem a2200373 a 4500</leader>
  <controlfield tag="001">5483784</controlfield>
  <controlfield tag="005">20200102153454.0</controlfield>
  <controlfield tag="007">aj|canzn</controlfield>
  <controlfield tag="007">cr |||||||||||</controlfield>
  <controlfield tag="008">860205s1952    dcu       a  f  1   eng  </controlfield>
  <datafield tag="906" ind1=" " ind2=" ">
    <subfield code="a">7</subfield>
    <subfield code="b">cbc</subfield>
    <subfield code="c">orignew</subfield>
    <subfield code="d">u</subfield>
    <subfield code="e">ncip</subfield>
    <subfield code="f">19</subfield>
    <subfield code="g">y-geogmaps</subfield>
  </datafield>
  <datafield tag="955" ind1=" " ind2=" ">
    <subfield code="a">ga06;ga15</subfield>
  </datafield>
  <datafield tag="035" ind1=" " ind2=" ">
    <subfield code="9">(DLC)   85694951</subfield>
  </datafield>
  <datafield tag="010" ind1=" " ind2=" ">
    <subfield code="a">   85694951 </subfield>
  </datafield>
  <datafield tag="034" ind1="1" ind2=" ">
    <subfield code="a">a</subfield>
    <subfield code="b">3500000</subfield>
    <subfield code="d">W1250000</subfield>
    <subfield code="e">W0860000</subfield>
    <subfield code="f">N0490000</subfield>
    <subfield code="g">N0260000</subfield>
  </datafield>
  <datafield tag="040" ind1=" " ind2=" ">
    <subfield code="a">DLC</subfield>
    <subfield code="c">DLC</subfield>
    <subfield code="d">DLC</subfield>
  </datafield>
  <datafield tag="050" ind1="0" ind2="0">
    <subfield code="a">G4051.J4 1949</subfield>
    <subfield code="b">.U5</subfield>
  </datafield>
  <datafield tag="052" ind1=" " ind2=" ">
    <subfield code="a">4051</subfield>
  </datafield>
  <datafield tag="052" ind1=" " ind2=" ">
    <subfield code="a">3931</subfield>
  </datafield>
  <datafield tag="110" ind1="1" ind2=" ">
    <subfield code="a">United States.</subfield>
    <subfield code="b">Bureau of the Census.</subfield>
  </datafield>
  <datafield tag="245" ind1="1" ind2="0">
    <subfield code="a">Location of irrigated land, 1949, 17 western states and Arkansas, Louisiana, and Florida /</subfield>
    <subfield code="c">U.S. Department of Commerce, Bureau of the Census.</subfield>
  </datafield>
  <datafield tag="255" ind1=" " ind2=" ">
    <subfield code="a">Scale [ca. 1:3,500,000]</subfield>
    <subfield code="c">(W 125⁰--W 86⁰/N 49⁰--N 26⁰).</subfield>
  </datafield>
  <datafield tag="260" ind1=" " ind2=" ">
    <subfield code="a">[Washington] :</subfield>
    <subfield code="b">The Bureau :</subfield>
    <subfield code="b">For sale by the Supt. of Docs., U.S. G.P.O.,</subfield>
    <subfield code="c">1952.</subfield>
  </datafield>
  <datafield tag="300" ind1=" " ind2=" ">
    <subfield code="a">1 map :</subfield>
    <subfield code="b">col. ;</subfield>
    <subfield code="c">86 x 104 cm.</subfield>
  </datafield>
  <datafield tag="500" ind1=" " ind2=" ">
    <subfield code="a">&quot;Census of irrigation. Ray Hurley, Chief, Agriculture Division, H.E. Selby, Chief, Irrigation Statistics, C.E. Batschelet, Geographer.&quot;</subfield>
  </datafield>
  <datafield tag="500" ind1=" " ind2=" ">
    <subfield code="a">Includes descriptive index to drainage basins and inset of Florida.</subfield>
  </datafield>
  <datafield tag="530" ind1=" " ind2=" ">
    <subfield code="a">Available also through the Library of Congress Web site as a raster image.</subfield>
  </datafield>
  <datafield tag="650" ind1=" " ind2="0">
    <subfield code="a">Irrigation</subfield>
    <subfield code="z">West (U.S.)</subfield>
    <subfield code="v">Maps.</subfield>
  </datafield>
  <datafield tag="650" ind1=" " ind2="0">
    <subfield code="a">Irrigation</subfield>
    <subfield code="z">Florida</subfield>
    <subfield code="v">Maps.</subfield>
  </datafield>
  <datafield tag="662" ind1=" " ind2=" ">
    <subfield code="a">United States</subfield>
    <subfield code="c">West.</subfield>
    <subfield code="2">lcsh</subfield>
  </datafield>
  <datafield tag="662" ind1=" " ind2=" ">
    <subfield code="a">United States</subfield>
    <subfield code="b">Florida.</subfield>
    <subfield code="2">naf</subfield>
  </datafield>
  <datafield tag="852" ind1=" " ind2=" ">
    <subfield code="a">Library of Congress</subfield>
    <subfield code="b">Geography and Map Division</subfield>
    <subfield code="e">Washington, D.C. 20540-4650 USA</subfield>
    <subfield code="n">dcu</subfield>
  </datafield>
  <datafield tag="985" ind1=" " ind2=" ">
    <subfield code="a">GMD/CT</subfield>
    <subfield code="e">ammem</subfield>
  </datafield>
  <datafield tag="991" ind1=" " ind2=" ">
    <subfield code="b">c-G&amp;M</subfield>
    <subfield code="h">G4051.J4 1949</subfield>
    <subfield code="i">.U5</subfield>
    <subfield code="t">Copy 1</subfield>
    <subfield code="w">MAPS</subfield>
  </datafield>
</record>