
<record>
  <leader>02076cem a2200481 a 4500</leader>
  <controlfield tag="001">5542102</controlfield>
  <controlfield tag="005">20200102153018.0</controlfield>
  <controlfield tag="007">aj|canzn</controlfield>
  <controlfield tag="007">cr |||||||||||</controlfield>
  <controlfield tag="008">890503s1989    coub      a  f  0   eng d</controlfield>
  <datafield tag="906" ind1=" " ind2=" ">
    <subfield code="a">7</subfield>
    <subfield code="b">cbc</subfield>
    <subfield code="c">copycat</subfield>
    <subfield code="d">u</subfield>
    <subfield code="e">ncip</subfield>
    <subfield code="f">19</subfield>
    <subfield code="g">y-geogmaps</subfield>
  </datafield>
  <datafield tag="955" ind1=" " ind2=" ">
    <subfield code="a">ga06</subfield>
  </datafield>
  <datafield tag="035" ind1=" " ind2=" ">
    <subfield code="9">(DLC)   94685546</subfield>
  </datafield>
  <datafield tag="010" ind1=" " ind2=" ">
    <subfield code="a">   94685546 </subfield>
  </datafield>
  <datafield tag="034" ind1="1" ind2=" ">
    <subfield code="a">a</subfield>
    <subfield code="b">9500000</subfield>
  </datafield>
  <datafield tag="035" ind1=" " ind2=" ">
    <subfield code="a">(OCoLC)19647318</subfield>
  </datafield>
  <datafield tag="040" ind1=" " ind2=" ">
    <subfield code="a">DGPO</subfield>
    <subfield code="c">DGPO</subfield>
    <subfield code="d">DLC</subfield>
  </datafield>
  <datafield tag="042" ind1=" " ind2=" ">
    <subfield code="a">lccopycat</subfield>
  </datafield>
  <datafield tag="045" ind1="0" ind2=" ">
    <subfield code="b">d1988</subfield>
  </datafield>
  <datafield tag="050" ind1="0" ind2="0">
    <subfield code="a">G4051.G5 1988</subfield>
    <subfield code="b">.U5</subfield>
  </datafield>
  <datafield tag="052" ind1=" " ind2=" ">
    <subfield code="a">4051</subfield>
  </datafield>
  <datafield tag="074" ind1=" " ind2=" ">
    <subfield code="a">631</subfield>
  </datafield>
  <datafield tag="086" ind1="0" ind2=" ">
    <subfield code="a">I 53.2:P 96/25</subfield>
  </datafield>
  <datafield tag="110" ind1="1" ind2=" ">
    <subfield code="a">United States.</subfield>
    <subfield code="b">Bureau of Land Management.</subfield>
    <subfield code="b">Branch of Cartography.</subfield>
  </datafield>
  <datafield tag="245" ind1="1" ind2="0">
    <subfield code="a">Bureau of Land Management, resource area map :</subfield>
    <subfield code="b">[western United States] /</subfield>
    <subfield code="c">produced by Department of the Interior, Bureau of Land Management, Denver Service Center, Br. of Cartography.</subfield>
  </datafield>
  <datafield tag="255" ind1=" " ind2=" ">
    <subfield code="a">Scale [ca. 1:9,500,000].</subfield>
  </datafield>
  <datafield tag="260" ind1=" " ind2=" ">
    <subfield code="a">[Denver, Colo.?] :</subfield>
    <subfield code="b">The Branch,</subfield>
    <subfield code="c">[1989?]</subfield>
  </datafield>
  <datafield tag="300" ind1=" " ind2=" ">
    <subfield code="a">1 map :</subfield>
    <subfield code="b">col. ;</subfield>
    <subfield code="c">33 x 26 cm., folded to 28 x 22 cm.</subfield>
  </datafield>
  <datafield tag="500" ind1=" " ind2=" ">
    <subfield code="a">Relief shown by shading.</subfield>
  </datafield>
  <datafield tag="500" ind1=" " ind2=" ">
    <subfield code="a">Panel title: Public lands, field offices and administrative jurisdictions, United States Department of the Interior, Bureau of Land Management.</subfield>
  </datafield>
  <datafield tag="500" ind1=" " ind2=" ">
    <subfield code="a">Shipping list no.: 89-294-P.</subfield>
  </datafield>
  <datafield tag="500" ind1=" " ind2=" ">
    <subfield code="a">&quot;September 1988.&quot;</subfield>
  </datafield>
  <datafield tag="500" ind1=" " ind2=" ">
    <subfield code="a">Includes list of Bureau of Land Management offices and telephone numbers and inset of Alaska.</subfield>
  </datafield>
  <datafield tag="500" ind1=" " ind2=" ">
    <subfield code="a">Text and map showing office locations on verso.</subfield>
  </datafield>
  <datafield tag="500" ind1=" " ind2=" ">
    <subfield code="a">&quot;U.S. Government Printing Office: 1989--674-375.&quot;</subfield>
  </datafield>
  <datafield tag="530" ind1=" " ind2=" ">
    <subfield code="a">Available also through the Library of Congress Web site as a raster image.</subfield>
  </datafield>
  <datafield tag="650" ind1=" " ind2="0">
    <subfield code="a">Public lands</subfield>
    <subfield code="z">West (U.S.)</subfield>
    <subfield code="v">Maps.</subfield>
  </datafield>
  <datafield tag="610" ind1="1" ind2="0">
    <subfield code="a">United States.</subfield>
    <subfield code="b">Bureau of Land Management</subfield>
    <subfield code="v">Maps.</subfield>
  </datafield>
  <datafield tag="662" ind1=" " ind2=" ">
    <subfield code="a">United States</subfield>
    <subfield code="c">West.</subfield>
    <subfield code="2">lcsh</subfield>
  </datafield>
  <datafield tag="740" ind1="0" ind2=" ">
    <subfield code="a">Public lands, field offices and administrative jurisdictions ... Bureau of Land Management.</subfield>
  </datafield>
  <datafield tag="852" ind1=" " ind2=" ">
    <subfield code="a">Library of Congress</subfield>
    <subfield code="b">Geography and Map Division</subfield>
    <subfield code="e">Washington, D.C. 20540-4650 USA</subfield>
    <subfield code="n">dcu</subfield>
  </datafield>
  <datafield tag="985" ind1=" " ind2=" ">
    <subfield code="a">GMD/CT</subfield>
    <subfield code="e">ammem</subfield>
  </datafield>
  <datafield tag="991" ind1=" " ind2=" ">
    <subfield code="b">c-G&amp;M</subfield>
    <subfield code="h">G4051.G5 1988</subfield>
    <subfield code="i">.U5</subfield>
    <subfield code="t">Copy 1</subfield>
    <subfield code="w">MAPS</subfield>
  </datafield>
</record>