
<record>
  <leader>01403cem a2200349 i 4500</leader>
  <controlfield tag="001">5569686</controlfield>
  <controlfield tag="005">20200102111002.0</controlfield>
  <controlfield tag="007">aj|canzn</controlfield>
  <controlfield tag="008">980218s1835    paud      a     0   eng  </controlfield>
  <datafield tag="906" ind1=" " ind2=" ">
    <subfield code="a">7</subfield>
    <subfield code="b">cbc</subfield>
    <subfield code="c">orignew</subfield>
    <subfield code="d">u</subfield>
    <subfield code="e">ncip</subfield>
    <subfield code="f">19</subfield>
    <subfield code="g">y-geogmaps</subfield>
  </datafield>
  <datafield tag="925" ind1="0" ind2=" ">
    <subfield code="a">acquire</subfield>
    <subfield code="b">1 shelf copy</subfield>
    <subfield code="x">policy default</subfield>
  </datafield>
  <datafield tag="955" ind1=" " ind2=" ">
    <subfield code="a">ga16 1999-07-26;</subfield>
    <subfield code="r">ga39 2019-10-02;</subfield>
    <subfield code="i">ga10 2020-01-02 sent to CMT NEW INPUT</subfield>
  </datafield>
  <datafield tag="010" ind1=" " ind2=" ">
    <subfield code="a">   98685474 </subfield>
  </datafield>
  <datafield tag="034" ind1="1" ind2=" ">
    <subfield code="a">a</subfield>
    <subfield code="b">11000000</subfield>
    <subfield code="d">W1270000</subfield>
    <subfield code="e">W0670000</subfield>
    <subfield code="f">N0500000</subfield>
    <subfield code="g">N0250000</subfield>
  </datafield>
  <datafield tag="040" ind1=" " ind2=" ">
    <subfield code="a">DLC</subfield>
    <subfield code="b">eng</subfield>
    <subfield code="c">DLC</subfield>
    <subfield code="e">rda</subfield>
  </datafield>
  <datafield tag="050" ind1="0" ind2="0">
    <subfield code="a">G3700 1835</subfield>
    <subfield code="b">.S6</subfield>
  </datafield>
  <datafield tag="052" ind1=" " ind2=" ">
    <subfield code="a">3700</subfield>
  </datafield>
  <datafield tag="100" ind1="1" ind2=" ">
    <subfield code="a">Smith, Roswell Chamberlain,</subfield>
    <subfield code="d">1797-1875,</subfield>
    <subfield code="e">cartographer.</subfield>
  </datafield>
  <datafield tag="245" ind1="1" ind2="0">
    <subfield code="a">United States /</subfield>
    <subfield code="c">engrd. by J.T. Hammond, N. York.</subfield>
  </datafield>
  <datafield tag="255" ind1=" " ind2=" ">
    <subfield code="a">Scale approximately 1:11,000,000</subfield>
    <subfield code="c">(W 127°--W 67°/N 50°--N 25°).</subfield>
  </datafield>
  <datafield tag="264" ind1=" " ind2="1">
    <subfield code="a">[Philadelphia] :</subfield>
    <subfield code="b">[W. Marshall and Co.],</subfield>
    <subfield code="c">[1835]</subfield>
  </datafield>
  <datafield tag="300" ind1=" " ind2=" ">
    <subfield code="a">1 map :</subfield>
    <subfield code="b">hand colored ;</subfield>
    <subfield code="c">27 x 42 cm</subfield>
  </datafield>
  <datafield tag="336" ind1=" " ind2=" ">
    <subfield code="a">cartographic image</subfield>
    <subfield code="b">cri</subfield>
    <subfield code="2">rdacontent</subfield>
  </datafield>
  <datafield tag="337" ind1=" " ind2=" ">
    <subfield code="a">unmediated</subfield>
    <subfield code="b">n</subfield>
    <subfield code="2">rdamedia</subfield>
  </datafield>
  <datafield tag="338" ind1=" " ind2=" ">
    <subfield code="a">sheet</subfield>
    <subfield code="b">nb</subfield>
    <subfield code="2">rdacarrier</subfield>
  </datafield>
  <datafield tag="500" ind1=" " ind2=" ">
    <subfield code="a">Relief shown by hachures.</subfield>
  </datafield>
  <datafield tag="500" ind1=" " ind2=" ">
    <subfield code="a">Prime meridians: Washington, D.C. and Greenwich.</subfield>
  </datafield>
  <datafield tag="500" ind1=" " ind2=" ">
    <subfield code="a">Includes notes.</subfield>
  </datafield>
  <datafield tag="651" ind1=" " ind2="0">
    <subfield code="a">United States</subfield>
    <subfield code="v">Maps.</subfield>
  </datafield>
  <datafield tag="655" ind1=" " ind2="7">
    <subfield code="a">Maps.</subfield>
    <subfield code="2">lcgft</subfield>
  </datafield>
  <datafield tag="700" ind1="1" ind2=" ">
    <subfield code="a">Hammond, John T.,</subfield>
    <subfield code="d">approximately 1820-,</subfield>
    <subfield code="e">engraver.</subfield>
  </datafield>
  <datafield tag="700" ind1="1" ind2=" ">
    <subfield code="i">Appears in:</subfield>
    <subfield code="a">Smith, Roswell Chamberlain,</subfield>
    <subfield code="d">1797-1875.</subfield>
    <subfield code="t">Smith&apos;s atlas for schools, academies and families,</subfield>
    <subfield code="f">1835.</subfield>
  </datafield>
</record>