
<record>
  <leader>02245cjm a2200409 a 4500</leader>
  <controlfield tag="001">5596900</controlfield>
  <controlfield tag="005">20200102165801.0</controlfield>
  <controlfield tag="007">sdubumennmplu</controlfield>
  <controlfield tag="008">860204s1982    sw sgn   di         swe  </controlfield>
  <datafield tag="906" ind1=" " ind2=" ">
    <subfield code="a">7</subfield>
    <subfield code="b">cbc</subfield>
    <subfield code="c">orignew</subfield>
    <subfield code="d">3</subfield>
    <subfield code="e">ncip</subfield>
    <subfield code="f">19</subfield>
    <subfield code="g">y-genmusic</subfield>
  </datafield>
  <datafield tag="035" ind1=" " ind2=" ">
    <subfield code="9">(DLC)   86750569</subfield>
  </datafield>
  <datafield tag="010" ind1=" " ind2=" ">
    <subfield code="a">   86750569 </subfield>
  </datafield>
  <datafield tag="028" ind1="0" ind2="2">
    <subfield code="a">PROP 9903</subfield>
    <subfield code="b">Proprius</subfield>
  </datafield>
  <datafield tag="033" ind1="1" ind2=" ">
    <subfield code="a">19820526</subfield>
    <subfield code="a">19820527</subfield>
    <subfield code="b">6954</subfield>
    <subfield code="c">S7</subfield>
  </datafield>
  <datafield tag="040" ind1=" " ind2=" ">
    <subfield code="a">DLC</subfield>
    <subfield code="c">DLC</subfield>
    <subfield code="d">DLC</subfield>
  </datafield>
  <datafield tag="048" ind1=" " ind2=" ">
    <subfield code="b">ve01</subfield>
    <subfield code="a">ka01</subfield>
  </datafield>
  <datafield tag="048" ind1=" " ind2=" ">
    <subfield code="b">ve01</subfield>
    <subfield code="a">kb01</subfield>
  </datafield>
  <datafield tag="050" ind1="1" ind2="0">
    <subfield code="a">M3.1</subfield>
  </datafield>
  <datafield tag="050" ind1="0" ind2="0">
    <subfield code="a">Proprius PROP 9903</subfield>
  </datafield>
  <datafield tag="100" ind1="1" ind2=" ">
    <subfield code="a">Nordqvist, Gustaf,</subfield>
    <subfield code="d">1886-1949.</subfield>
  </datafield>
  <datafield tag="240" ind1="1" ind2="0">
    <subfield code="a">Songs.</subfield>
    <subfield code="k">Selections</subfield>
  </datafield>
  <datafield tag="245" ind1="1" ind2="0">
    <subfield code="a">Bortom berg och mörka vatten</subfield>
    <subfield code="h">[sound recording] :</subfield>
    <subfield code="b">sånger av Gustaf Nordqvist.</subfield>
  </datafield>
  <datafield tag="260" ind1=" " ind2=" ">
    <subfield code="a">Stockholm, Sweden :</subfield>
    <subfield code="b">Proprius ;</subfield>
    <subfield code="a">Foster City, Calif. :</subfield>
    <subfield code="b">Distributed by AudioSource,</subfield>
    <subfield code="c">p1982.</subfield>
  </datafield>
  <datafield tag="300" ind1=" " ind2=" ">
    <subfield code="a">1 sound disc :</subfield>
    <subfield code="b">analog, 33 1/3 rpm ;</subfield>
    <subfield code="c">12 in.</subfield>
  </datafield>
  <datafield tag="500" ind1=" " ind2=" ">
    <subfield code="a">Sacred and secular songs.</subfield>
  </datafield>
  <datafield tag="511" ind1="0" ind2=" ">
    <subfield code="a">Rolf Leanderson, baritone ; Gustaf Sjökvist, piano or organ.</subfield>
  </datafield>
  <datafield tag="518" ind1=" " ind2=" ">
    <subfield code="a">Recorded in the Immanuelskyrkan, Stockholm, May 26 and 27, 1982.</subfield>
  </datafield>
  <datafield tag="500" ind1=" " ind2=" ">
    <subfield code="a">Distributor from label on container.</subfield>
  </datafield>
  <datafield tag="500" ind1=" " ind2=" ">
    <subfield code="a">Program notes and texts (4 p.) inserted in container.</subfield>
  </datafield>
  <datafield tag="505" ind1="0" ind2=" ">
    <subfield code="a">Bortom berg och mörka vatten (1:45) -- Barmhärtig och nådig är Herren (2:00) -- Gud, var mig nådig (2:10) -- Herren är min herde (3:05) -- Allenast i Gud söker min själ sin ro (2:20) -- Kommen till en fader åter (3:00) -- Herre, djupen ropa dig (1:55) -- Ack, saliga, saliga (2:10) -- Men jag hörde en sång (1:55) -- Det är något bortom bergen (2:00) -- En vintervisa (1:45) -- Drivsnö (2:10) -- Ödesvisan (2:20) -- Kärleken är en rosenlund (1:30) -- Jag ville vara tårar (1:05) -- Var stilla, hjärta (1:25) -- Bön : (Tala, älskade, tala) (2:05) -- Gammal sorg (1:45) -- Det är vackrast när det skymmer (1:55) -- Det var en gång (1:25) -- Hon och döden (1:35) -- Om våren (1:35).</subfield>
  </datafield>
  <datafield tag="650" ind1=" " ind2="0">
    <subfield code="a">Sacred songs (Medium voice) with piano.</subfield>
  </datafield>
  <datafield tag="650" ind1=" " ind2="0">
    <subfield code="a">Sacred songs (Medium voice) with organ.</subfield>
  </datafield>
  <datafield tag="650" ind1=" " ind2="0">
    <subfield code="a">Songs (Medium voice) with piano.</subfield>
  </datafield>
  <datafield tag="700" ind1="1" ind2=" ">
    <subfield code="a">Leanderson, Rolf.</subfield>
    <subfield code="4">prf</subfield>
  </datafield>
  <datafield tag="700" ind1="1" ind2=" ">
    <subfield code="a">Sjökvist, Gustaf,</subfield>
    <subfield code="d">1943-2015.</subfield>
    <subfield code="4">prf</subfield>
  </datafield>
  <datafield tag="953" ind1=" " ind2=" ">
    <subfield code="a">TA28</subfield>
  </datafield>
  <datafield tag="991" ind1=" " ind2=" ">
    <subfield code="b">c-RecSound</subfield>
    <subfield code="h">Proprius PROP 9903</subfield>
    <subfield code="w">MUSIC</subfield>
  </datafield>
</record>