
<record>
  <leader>01884cjm a2200445 a 4500</leader>
  <controlfield tag="001">5600573</controlfield>
  <controlfield tag="005">20200102165114.0</controlfield>
  <controlfield tag="007">sdubsmennmplu</controlfield>
  <controlfield tag="008">861015p19811980gw mun                   </controlfield>
  <datafield tag="906" ind1=" " ind2=" ">
    <subfield code="a">7</subfield>
    <subfield code="b">cbc</subfield>
    <subfield code="c">orignew</subfield>
    <subfield code="d">3</subfield>
    <subfield code="e">ncip</subfield>
    <subfield code="f">19</subfield>
    <subfield code="g">y-genmusic</subfield>
  </datafield>
  <datafield tag="035" ind1=" " ind2=" ">
    <subfield code="9">(DLC)   86754448</subfield>
  </datafield>
  <datafield tag="010" ind1=" " ind2=" ">
    <subfield code="a">   86754448 </subfield>
  </datafield>
  <datafield tag="028" ind1="0" ind2="2">
    <subfield code="a">53210 EB</subfield>
    <subfield code="b">FSM</subfield>
  </datafield>
  <datafield tag="033" ind1="1" ind2=" ">
    <subfield code="a">19800919</subfield>
    <subfield code="a">19800920</subfield>
  </datafield>
  <datafield tag="040" ind1=" " ind2=" ">
    <subfield code="a">DLC</subfield>
    <subfield code="c">DLC</subfield>
    <subfield code="d">DLC</subfield>
  </datafield>
  <datafield tag="047" ind1=" " ind2=" ">
    <subfield code="a">sn</subfield>
    <subfield code="a">pr</subfield>
    <subfield code="a">fg</subfield>
  </datafield>
  <datafield tag="048" ind1=" " ind2=" ">
    <subfield code="a">ka01</subfield>
  </datafield>
  <datafield tag="050" ind1="1" ind2="0">
    <subfield code="a">M21</subfield>
  </datafield>
  <datafield tag="050" ind1="0" ind2="0">
    <subfield code="a">FSM 53210 EB</subfield>
  </datafield>
  <datafield tag="100" ind1="1" ind2=" ">
    <subfield code="a">Gicquel, Annie.</subfield>
    <subfield code="4">prf</subfield>
  </datafield>
  <datafield tag="245" ind1="1" ind2="0">
    <subfield code="a">Dichter und Maler als Komponisten</subfield>
    <subfield code="h">[sound recording] =</subfield>
    <subfield code="b">Poets and painters as composers.</subfield>
  </datafield>
  <datafield tag="260" ind1=" " ind2=" ">
    <subfield code="a">Münster :</subfield>
    <subfield code="b">FSM,</subfield>
    <subfield code="c">1981.</subfield>
  </datafield>
  <datafield tag="300" ind1=" " ind2=" ">
    <subfield code="a">1 sound disc :</subfield>
    <subfield code="b">analog, 33 1/3 rpm, stereo. ;</subfield>
    <subfield code="c">12 in.</subfield>
  </datafield>
  <datafield tag="306" ind1=" " ind2=" ">
    <subfield code="a">001428</subfield>
    <subfield code="a">000504</subfield>
    <subfield code="a">000852</subfield>
    <subfield code="a">000803</subfield>
    <subfield code="a">000411</subfield>
  </datafield>
  <datafield tag="500" ind1=" " ind2=" ">
    <subfield code="a">At head of title: Zweite Muse.</subfield>
  </datafield>
  <datafield tag="511" ind1="0" ind2=" ">
    <subfield code="a">Annie Gicquel, piano (Steinway).</subfield>
  </datafield>
  <datafield tag="518" ind1=" " ind2=" ">
    <subfield code="a">Recorded Sept. 19-20, 1980.</subfield>
  </datafield>
  <datafield tag="505" ind1="0" ind2=" ">
    <subfield code="a">Sonate (1909) (14:28) ; Prélude gis-Moll (1906) (5:04) / Boris Pasternak -- Sonate Nr. 1 f-Moll / E.T.A. Hoffmann (8:52) -- Fuge I (1921) (8:03) ; Gigue : (Fuge III) (1921) (4:11) / Lyonel Feininger.</subfield>
  </datafield>
  <datafield tag="650" ind1=" " ind2="0">
    <subfield code="a">Sonatas (Piano)</subfield>
  </datafield>
  <datafield tag="650" ind1=" " ind2="0">
    <subfield code="a">Piano music.</subfield>
  </datafield>
  <datafield tag="650" ind1=" " ind2="0">
    <subfield code="a">Canons, fugues, etc. (Piano)</subfield>
  </datafield>
  <datafield tag="700" ind1="1" ind2="2">
    <subfield code="a">Pasternak, Boris Leonidovich,</subfield>
    <subfield code="d">1890-1960.</subfield>
    <subfield code="t">Sonata,</subfield>
    <subfield code="m">piano.</subfield>
    <subfield code="f">1981.</subfield>
  </datafield>
  <datafield tag="700" ind1="1" ind2="2">
    <subfield code="a">Pasternak, Boris Leonidovich,</subfield>
    <subfield code="d">1890-1960.</subfield>
    <subfield code="t">Prelude,</subfield>
    <subfield code="m">piano,</subfield>
    <subfield code="r">G minor.</subfield>
    <subfield code="f">1981.</subfield>
  </datafield>
  <datafield tag="700" ind1="1" ind2="2">
    <subfield code="a">Hoffmann, E. T. A.</subfield>
    <subfield code="q">(Ernst Theodor Amadeus),</subfield>
    <subfield code="d">1776-1822.</subfield>
    <subfield code="t">Sonatas,</subfield>
    <subfield code="m">piano,</subfield>
    <subfield code="n">AV 27,</subfield>
    <subfield code="r">F minor.</subfield>
    <subfield code="f">1981.</subfield>
  </datafield>
  <datafield tag="700" ind1="1" ind2="2">
    <subfield code="a">Feininger, Lyonel,</subfield>
    <subfield code="d">1871-1956.</subfield>
    <subfield code="t">Fugues,</subfield>
    <subfield code="m">keyboard instrument,</subfield>
    <subfield code="n">no. 1,</subfield>
    <subfield code="r">E♭ minor.</subfield>
    <subfield code="f">1981.</subfield>
  </datafield>
  <datafield tag="700" ind1="1" ind2="2">
    <subfield code="a">Feininger, Lyonel,</subfield>
    <subfield code="d">1871-1956.</subfield>
    <subfield code="t">Fugues,</subfield>
    <subfield code="m">keyboard instrument,</subfield>
    <subfield code="n">no. 3,</subfield>
    <subfield code="r">G major.</subfield>
    <subfield code="f">1981.</subfield>
  </datafield>
  <datafield tag="740" ind1="0" ind2=" ">
    <subfield code="a">Poets and painters as composers.</subfield>
  </datafield>
  <datafield tag="740" ind1="0" ind2=" ">
    <subfield code="a">Zweite Muse.</subfield>
  </datafield>
  <datafield tag="953" ind1=" " ind2=" ">
    <subfield code="a">TA28</subfield>
  </datafield>
  <datafield tag="991" ind1=" " ind2=" ">
    <subfield code="b">c-RecSound</subfield>
    <subfield code="h">FSM 53210 EB</subfield>
    <subfield code="w">MUSIC</subfield>
  </datafield>
</record>