
<record>
  <leader>03029cjm a2200517 a 4500</leader>
  <controlfield tag="001">5612350</controlfield>
  <controlfield tag="005">20200102104556.0</controlfield>
  <controlfield tag="007">sd fsngnnmmnee</controlfield>
  <controlfield tag="008">880803p19871961it opn|           | ita  </controlfield>
  <datafield tag="906" ind1=" " ind2=" ">
    <subfield code="a">7</subfield>
    <subfield code="b">cbc</subfield>
    <subfield code="c">copycat</subfield>
    <subfield code="d">2</subfield>
    <subfield code="e">ncip</subfield>
    <subfield code="f">20</subfield>
    <subfield code="g">y-soundrec</subfield>
  </datafield>
  <datafield tag="925" ind1="0" ind2=" ">
    <subfield code="a">acquire</subfield>
    <subfield code="b">2 shelf copies</subfield>
    <subfield code="x">policy default</subfield>
  </datafield>
  <datafield tag="955" ind1=" " ind2=" ">
    <subfield code="a">qr27 2019-12-03 z-client</subfield>
    <subfield code="i">qr27 2019-12-03 revised</subfield>
  </datafield>
  <datafield tag="010" ind1=" " ind2=" ">
    <subfield code="a">   88770664 </subfield>
  </datafield>
  <datafield tag="028" ind1="0" ind2="2">
    <subfield code="a">MEL 16505</subfield>
    <subfield code="b">Melodram</subfield>
  </datafield>
  <datafield tag="035" ind1=" " ind2=" ">
    <subfield code="a">(OCoLC)ocm18816929</subfield>
  </datafield>
  <datafield tag="040" ind1=" " ind2=" ">
    <subfield code="a">DLC</subfield>
    <subfield code="b">eng</subfield>
    <subfield code="c">DLC</subfield>
    <subfield code="d">OCLCQ</subfield>
    <subfield code="d">OCLCO</subfield>
    <subfield code="d">OCLCF</subfield>
    <subfield code="d">OCLCQ</subfield>
    <subfield code="d">DLC</subfield>
  </datafield>
  <datafield tag="042" ind1=" " ind2=" ">
    <subfield code="a">lccopycat</subfield>
  </datafield>
  <datafield tag="050" ind1="0" ind2="0">
    <subfield code="a">SDD 31087</subfield>
  </datafield>
  <datafield tag="100" ind1="1" ind2=" ">
    <subfield code="a">Cappuccilli, Piero.</subfield>
    <subfield code="4">prf</subfield>
  </datafield>
  <datafield tag="245" ind1="1" ind2="0">
    <subfield code="a">Pierro Cappuccilli recital.</subfield>
  </datafield>
  <datafield tag="260" ind1=" " ind2=" ">
    <subfield code="a">Milano, Italy :</subfield>
    <subfield code="b">Melodram,</subfield>
    <subfield code="c">℗1987.</subfield>
  </datafield>
  <datafield tag="300" ind1=" " ind2=" ">
    <subfield code="a">1 audio disc :</subfield>
    <subfield code="b">digital ;</subfield>
    <subfield code="c">4 3/4 in.</subfield>
  </datafield>
  <datafield tag="336" ind1=" " ind2=" ">
    <subfield code="a">performed music</subfield>
    <subfield code="b">prm</subfield>
    <subfield code="2">rdacontent</subfield>
  </datafield>
  <datafield tag="337" ind1=" " ind2=" ">
    <subfield code="a">audio</subfield>
    <subfield code="b">s</subfield>
    <subfield code="2">rdamedia</subfield>
  </datafield>
  <datafield tag="338" ind1=" " ind2=" ">
    <subfield code="a">audio disc</subfield>
    <subfield code="b">sd</subfield>
    <subfield code="2">rdacarrier</subfield>
  </datafield>
  <datafield tag="344" ind1=" " ind2=" ">
    <subfield code="a">digital</subfield>
    <subfield code="2">rdatr</subfield>
  </datafield>
  <datafield tag="344" ind1=" " ind2=" ">
    <subfield code="b">optical</subfield>
    <subfield code="2">rdarm</subfield>
  </datafield>
  <datafield tag="344" ind1=" " ind2=" ">
    <subfield code="g">stereo</subfield>
    <subfield code="2">rdacpc</subfield>
  </datafield>
  <datafield tag="347" ind1=" " ind2=" ">
    <subfield code="a">audio file</subfield>
    <subfield code="2">rdaft</subfield>
  </datafield>
  <datafield tag="347" ind1=" " ind2=" ">
    <subfield code="b">CD audio</subfield>
  </datafield>
  <datafield tag="382" ind1="0" ind2="1">
    <subfield code="b">baritone voice</subfield>
    <subfield code="n">1</subfield>
    <subfield code="a">orchestra</subfield>
    <subfield code="e">1</subfield>
    <subfield code="r">1</subfield>
    <subfield code="t">1</subfield>
    <subfield code="2">lcmpt</subfield>
  </datafield>
  <datafield tag="490" ind1="0" ind2=" ">
    <subfield code="a">Live recordings</subfield>
  </datafield>
  <datafield tag="511" ind1="0" ind2=" ">
    <subfield code="a">Piero Cappuccilli, baritone ; with: Orchestra Sinfonica di Bologna, Ino Savini, conductor (1st, 3rd, 10th-11th tracks), or, Orchestra San Carlo di Napoli, Mario Rossi, conductor (2nd track), or Orchestra Maggio Musicale Fiorentino, Ghiglia, conductor (4th track), or Orchestra della RAI di Roma, Mario Rossi, conductor (6th-7th tracks), or, Chorus e Orchestra della Scala di Milano, Giandrea Gavazzeni, conductor (8th track), or, Orchestra e Coro del Teatro Comunale di Bologna, F. Molinari Pradelli, conductor (9th track).</subfield>
  </datafield>
  <datafield tag="518" ind1=" " ind2=" ">
    <subfield code="a">Recorded live during performances between 1961 and 1967 in Bologna, Naples, Florence, Rome, and Mosca.</subfield>
  </datafield>
  <datafield tag="500" ind1=" " ind2=" ">
    <subfield code="a">Compact disc.</subfield>
  </datafield>
  <datafield tag="505" ind1="0" ind2=" ">
    <subfield code="a">Guillaume Tell. Resta immobile, è ver, la terra / Gioachino Rossini -- Roberto Devereux. Non venni mai si mesto / Gaetano Donizetti (with Leyla Gencer) -- I puritani. Ricardo! Il duol che si mi accora / Vincenzo Bellini (with Giorgio Posiadli) -- Il pirata. Sì, vincemmo, e il pregio io sento (with Montserrat Caballé) ; T&apos;arresta. Ognor mi fuggi / Vincenzo Bellini -- Rigoletto. Pari siamo! Io la lingua ... Figlia! Mio padre! (with Margherita Rinaldi) ; Cortigiani, vil razza dannata / G. Verdi -- Il trovatore. Tutto è deserto ... Il balen del suo sorriso ... Per me ora fatale / Giuseppe Verdi (with Ivo Vinco) -- La forza del destino. Un studente / Giuseppe Verdi -- Andrea Chenier. Nemico della patria / Umberto Giordano -- Il tabarro. Nulla! Silenzio! È là! / Giacomo Puccini.</subfield>
  </datafield>
  <datafield tag="500" ind1=" " ind2=" ">
    <subfield code="a">Minimal level cataloging.</subfield>
  </datafield>
  <datafield tag="650" ind1=" " ind2="0">
    <subfield code="a">Operas</subfield>
    <subfield code="v">Excerpts.</subfield>
  </datafield>
  <datafield tag="650" ind1=" " ind2="0">
    <subfield code="a">Songs (High voice) with orchestra.</subfield>
  </datafield>
  <datafield tag="650" ind1=" " ind2="0">
    <subfield code="a">Vocal duets with orchestra.</subfield>
  </datafield>
  <datafield tag="650" ind1=" " ind2="7">
    <subfield code="a">Operas</subfield>
    <subfield code="x">Excerpts.</subfield>
    <subfield code="2">fast</subfield>
    <subfield code="0">(OCoLC)fst01046203</subfield>
  </datafield>
  <datafield tag="655" ind1=" " ind2="7">
    <subfield code="a">Operas.</subfield>
    <subfield code="2">lcgft</subfield>
  </datafield>
  <datafield tag="655" ind1=" " ind2="7">
    <subfield code="a">Excerpts.</subfield>
    <subfield code="2">lcgft</subfield>
  </datafield>
  <datafield tag="655" ind1=" " ind2="7">
    <subfield code="a">Live sound recordings.</subfield>
    <subfield code="2">lcgft</subfield>
  </datafield>
  <datafield tag="953" ind1=" " ind2=" ">
    <subfield code="a">TA28</subfield>
  </datafield>
  <datafield tag="991" ind1=" " ind2=" ">
    <subfield code="b">c-RecSound</subfield>
    <subfield code="h">Melodram MEL 16505</subfield>
    <subfield code="w">MUSIC</subfield>
  </datafield>
</record>