
<record>
  <leader>04227cjm a2200961 i 4500</leader>
  <controlfield tag="001">5625140</controlfield>
  <controlfield tag="005">20200102115059.0</controlfield>
  <controlfield tag="007">sd fsngnnmmnee</controlfield>
  <controlfield tag="008">900615p19871962fr mun|  h        | zxx  </controlfield>
  <datafield tag="906" ind1=" " ind2=" ">
    <subfield code="a">7</subfield>
    <subfield code="b">cbc</subfield>
    <subfield code="c">copycat</subfield>
    <subfield code="d">2</subfield>
    <subfield code="e">ncip</subfield>
    <subfield code="f">20</subfield>
    <subfield code="g">y-soundrec</subfield>
  </datafield>
  <datafield tag="925" ind1="0" ind2=" ">
    <subfield code="a">acquire</subfield>
    <subfield code="b">2 shelf copies</subfield>
    <subfield code="x">policy default</subfield>
  </datafield>
  <datafield tag="955" ind1=" " ind2=" ">
    <subfield code="a">qr27 2019-12-10 z-client</subfield>
    <subfield code="i">qr27 2019-12-10 revised</subfield>
  </datafield>
  <datafield tag="010" ind1=" " ind2=" ">
    <subfield code="a">   90752739 </subfield>
  </datafield>
  <datafield tag="024" ind1="3" ind2=" ">
    <subfield code="a">3305721587302</subfield>
  </datafield>
  <datafield tag="024" ind1="1" ind2=" ">
    <subfield code="a">305721587302</subfield>
  </datafield>
  <datafield tag="028" ind1="0" ind2="2">
    <subfield code="a">TCE 8730</subfield>
    <subfield code="b">Disques montaigne</subfield>
  </datafield>
  <datafield tag="033" ind1="0" ind2=" ">
    <subfield code="a">19620508</subfield>
    <subfield code="b">5834</subfield>
    <subfield code="c">P3</subfield>
  </datafield>
  <datafield tag="033" ind1="0" ind2=" ">
    <subfield code="a">19620605</subfield>
    <subfield code="b">5834</subfield>
    <subfield code="c">P3</subfield>
  </datafield>
  <datafield tag="033" ind1="1" ind2="0">
    <subfield code="a">19620508</subfield>
    <subfield code="a">19620605</subfield>
  </datafield>
  <datafield tag="033" ind1="1" ind2=" ">
    <subfield code="a">19620508</subfield>
    <subfield code="a">19620605</subfield>
    <subfield code="b">5834</subfield>
    <subfield code="c">P3</subfield>
  </datafield>
  <datafield tag="035" ind1=" " ind2=" ">
    <subfield code="a">(OCoLC)ocm22494108</subfield>
  </datafield>
  <datafield tag="040" ind1=" " ind2=" ">
    <subfield code="a">DLC</subfield>
    <subfield code="b">eng</subfield>
    <subfield code="e">rda</subfield>
    <subfield code="c">DLC</subfield>
    <subfield code="d">UMC</subfield>
    <subfield code="d">OCLCO</subfield>
    <subfield code="d">TEF</subfield>
    <subfield code="d">OCLCF</subfield>
    <subfield code="d">OCLCQ</subfield>
    <subfield code="d">WCM</subfield>
    <subfield code="d">NJR</subfield>
    <subfield code="d">OCLCO</subfield>
    <subfield code="d">OCL</subfield>
    <subfield code="d">OCLCA</subfield>
    <subfield code="d">CEF</subfield>
    <subfield code="d">OCLCQ</subfield>
    <subfield code="d">DLC</subfield>
  </datafield>
  <datafield tag="041" ind1="0" ind2=" ">
    <subfield code="g">fre</subfield>
    <subfield code="g">eng</subfield>
  </datafield>
  <datafield tag="042" ind1=" " ind2=" ">
    <subfield code="a">lccopycat</subfield>
  </datafield>
  <datafield tag="045" ind1="1" ind2=" ">
    <subfield code="b">d19081225</subfield>
    <subfield code="b">d189004</subfield>
    <subfield code="b">d19050305</subfield>
    <subfield code="b">d1930</subfield>
  </datafield>
  <datafield tag="047" ind1=" " ind2=" ">
    <subfield code="a">ft</subfield>
    <subfield code="a">sp</subfield>
    <subfield code="a">sy</subfield>
    <subfield code="a">su</subfield>
    <subfield code="a">bt</subfield>
  </datafield>
  <datafield tag="048" ind1=" " ind2=" ">
    <subfield code="a">oa</subfield>
  </datafield>
  <datafield tag="048" ind1=" " ind2=" ">
    <subfield code="a">oa</subfield>
    <subfield code="b">ka01</subfield>
  </datafield>
  <datafield tag="050" ind1="0" ind2="0">
    <subfield code="a">SDD 31382</subfield>
  </datafield>
  <datafield tag="245" ind1="0" ind2="0">
    <subfield code="a">Charles Munch dirige.</subfield>
  </datafield>
  <datafield tag="264" ind1=" " ind2="1">
    <subfield code="a">Paris :</subfield>
    <subfield code="b">Disques montaigne,</subfield>
    <subfield code="c">[1987]</subfield>
  </datafield>
  <datafield tag="264" ind1=" " ind2="4">
    <subfield code="c">℗1987</subfield>
  </datafield>
  <datafield tag="300" ind1=" " ind2=" ">
    <subfield code="a">2 audio discs :</subfield>
    <subfield code="b">digital, stereo ;</subfield>
    <subfield code="c">4 3/4 in.</subfield>
  </datafield>
  <datafield tag="306" ind1=" " ind2=" ">
    <subfield code="a">002500</subfield>
    <subfield code="a">002300</subfield>
    <subfield code="a">003400</subfield>
    <subfield code="a">001701</subfield>
  </datafield>
  <datafield tag="336" ind1=" " ind2=" ">
    <subfield code="a">performed music</subfield>
    <subfield code="b">prm</subfield>
    <subfield code="2">rdacontent</subfield>
  </datafield>
  <datafield tag="337" ind1=" " ind2=" ">
    <subfield code="a">audio</subfield>
    <subfield code="b">s</subfield>
    <subfield code="2">rdamedia</subfield>
  </datafield>
  <datafield tag="338" ind1=" " ind2=" ">
    <subfield code="a">audio disc</subfield>
    <subfield code="b">sd</subfield>
    <subfield code="2">rdacarrier</subfield>
  </datafield>
  <datafield tag="344" ind1=" " ind2=" ">
    <subfield code="a">digital</subfield>
    <subfield code="2">rdatr</subfield>
  </datafield>
  <datafield tag="344" ind1=" " ind2=" ">
    <subfield code="b">optical</subfield>
    <subfield code="2">rdarm</subfield>
  </datafield>
  <datafield tag="344" ind1=" " ind2=" ">
    <subfield code="g">stereo</subfield>
    <subfield code="2">rdacpc</subfield>
  </datafield>
  <datafield tag="347" ind1=" " ind2=" ">
    <subfield code="a">audio file</subfield>
    <subfield code="2">rdaft</subfield>
  </datafield>
  <datafield tag="347" ind1=" " ind2=" ">
    <subfield code="b">CD audio</subfield>
  </datafield>
  <datafield tag="382" ind1="0" ind2="1">
    <subfield code="3">All other works</subfield>
    <subfield code="a">orchestra</subfield>
    <subfield code="e">1</subfield>
    <subfield code="t">1</subfield>
    <subfield code="2">lcmpt</subfield>
  </datafield>
  <datafield tag="382" ind1="0" ind2="1">
    <subfield code="3">Fantaisie</subfield>
    <subfield code="b">piano</subfield>
    <subfield code="n">1</subfield>
    <subfield code="a">orchestra</subfield>
    <subfield code="e">1</subfield>
    <subfield code="r">1</subfield>
    <subfield code="t">1</subfield>
    <subfield code="2">lcmpt</subfield>
  </datafield>
  <datafield tag="490" ind1="1" ind2=" ">
    <subfield code="a">Les Grands concerts inédits du Théâtre des Champs-Elysées</subfield>
  </datafield>
  <datafield tag="500" ind1=" " ind2=" ">
    <subfield code="a">The 3rd work is a symphonic poem; the 6th work is from a ballet.</subfield>
  </datafield>
  <datafield tag="500" ind1=" " ind2=" ">
    <subfield code="a">Title from disc labels.</subfield>
  </datafield>
  <datafield tag="511" ind1="0" ind2=" ">
    <subfield code="a">Nicole Henriot, piano (2nd work) ; Orchestre national ; Charles Munch, conductor.</subfield>
  </datafield>
  <datafield tag="518" ind1=" " ind2=" ">
    <subfield code="3">1st-3rd works</subfield>
    <subfield code="o">recorded</subfield>
    <subfield code="d">1962 May 8.</subfield>
  </datafield>
  <datafield tag="518" ind1=" " ind2=" ">
    <subfield code="3">4th-6th works</subfield>
    <subfield code="o">recorded</subfield>
    <subfield code="d">1962 June 5.</subfield>
  </datafield>
  <datafield tag="500" ind1=" " ind2=" ">
    <subfield code="a">Analog recordings.</subfield>
  </datafield>
  <datafield tag="500" ind1=" " ind2=" ">
    <subfield code="a">Program notes in French with English abstract (47 pages : illustrations) inserted in container.</subfield>
  </datafield>
  <datafield tag="505" ind1="0" ind2=" ">
    <subfield code="a">Images : pour orchestre. No 2, Iberia (25:00) ; Fantaisie pour piano et orchestre (25:00) ; La mer (25:00) / Claude Debussy -- Symphonie no 1 / Arthur Honegger (23:00) -- Symphonie no 2 / Henri Dutilleux (34:00) -- Bacchus et Ariane. Suite no 2 / Albert Roussel (17:01).</subfield>
  </datafield>
  <datafield tag="650" ind1=" " ind2="0">
    <subfield code="a">Orchestral music.</subfield>
  </datafield>
  <datafield tag="650" ind1=" " ind2="0">
    <subfield code="a">Piano with orchestra.</subfield>
  </datafield>
  <datafield tag="650" ind1=" " ind2="0">
    <subfield code="a">Symphonic poems.</subfield>
  </datafield>
  <datafield tag="650" ind1=" " ind2="0">
    <subfield code="a">Symphonies.</subfield>
  </datafield>
  <datafield tag="650" ind1=" " ind2="0">
    <subfield code="a">Suites (Orchestra)</subfield>
  </datafield>
  <datafield tag="650" ind1=" " ind2="0">
    <subfield code="a">Ballets</subfield>
    <subfield code="v">Excerpts.</subfield>
  </datafield>
  <datafield tag="650" ind1=" " ind2="7">
    <subfield code="a">Ballets</subfield>
    <subfield code="x">Excerpts.</subfield>
    <subfield code="2">fast</subfield>
    <subfield code="0">(OCoLC)fst00826069</subfield>
  </datafield>
  <datafield tag="650" ind1=" " ind2="7">
    <subfield code="a">Orchestral music.</subfield>
    <subfield code="2">fast</subfield>
    <subfield code="0">(OCoLC)fst01047289</subfield>
  </datafield>
  <datafield tag="650" ind1=" " ind2="7">
    <subfield code="a">Piano with orchestra.</subfield>
    <subfield code="2">fast</subfield>
    <subfield code="0">(OCoLC)fst01063498</subfield>
  </datafield>
  <datafield tag="650" ind1=" " ind2="7">
    <subfield code="a">Suites (Orchestra)</subfield>
    <subfield code="2">fast</subfield>
    <subfield code="0">(OCoLC)fst01137923</subfield>
  </datafield>
  <datafield tag="650" ind1=" " ind2="7">
    <subfield code="a">Symphonic poems.</subfield>
    <subfield code="2">fast</subfield>
    <subfield code="0">(OCoLC)fst01140849</subfield>
  </datafield>
  <datafield tag="650" ind1=" " ind2="7">
    <subfield code="a">Symphonies.</subfield>
    <subfield code="2">fast</subfield>
    <subfield code="0">(OCoLC)fst01140873</subfield>
  </datafield>
  <datafield tag="655" ind1=" " ind2="7">
    <subfield code="a">Orchestral music.</subfield>
    <subfield code="2">fast</subfield>
    <subfield code="0">(OCoLC)fst01726690</subfield>
  </datafield>
  <datafield tag="655" ind1=" " ind2="7">
    <subfield code="a">Symphonic poems.</subfield>
    <subfield code="2">fast</subfield>
    <subfield code="0">(OCoLC)fst01726503</subfield>
  </datafield>
  <datafield tag="655" ind1=" " ind2="7">
    <subfield code="a">Symphonies.</subfield>
    <subfield code="2">fast</subfield>
    <subfield code="0">(OCoLC)fst01726504</subfield>
  </datafield>
  <datafield tag="655" ind1=" " ind2="7">
    <subfield code="a">Orchestral music.</subfield>
    <subfield code="2">lcgft</subfield>
  </datafield>
  <datafield tag="655" ind1=" " ind2="7">
    <subfield code="a">Symphonic poems.</subfield>
    <subfield code="2">lcgft</subfield>
  </datafield>
  <datafield tag="655" ind1=" " ind2="7">
    <subfield code="a">Symphonies.</subfield>
    <subfield code="2">lcgft</subfield>
  </datafield>
  <datafield tag="700" ind1="1" ind2=" ">
    <subfield code="a">Munch, Charles,</subfield>
    <subfield code="d">1891-1968,</subfield>
    <subfield code="e">conductor.</subfield>
  </datafield>
  <datafield tag="700" ind1="1" ind2=" ">
    <subfield code="a">Henriot-Schweitzer, Nicole,</subfield>
    <subfield code="d">1925-2001,</subfield>
    <subfield code="e">instrumentalist.</subfield>
  </datafield>
  <datafield tag="700" ind1="1" ind2="2">
    <subfield code="i">Container of (work):</subfield>
    <subfield code="a">Debussy, Claude,</subfield>
    <subfield code="d">1862-1918.</subfield>
    <subfield code="t">Images,</subfield>
    <subfield code="m">orchestra.</subfield>
    <subfield code="p">Ibéria.</subfield>
  </datafield>
  <datafield tag="700" ind1="1" ind2="2">
    <subfield code="i">Container of (work):</subfield>
    <subfield code="a">Debussy, Claude,</subfield>
    <subfield code="d">1862-1918.</subfield>
    <subfield code="t">Fantaisie,</subfield>
    <subfield code="m">piano, orchestra.</subfield>
  </datafield>
  <datafield tag="700" ind1="1" ind2="2">
    <subfield code="i">Container of (work):</subfield>
    <subfield code="a">Debussy, Claude,</subfield>
    <subfield code="d">1862-1918.</subfield>
    <subfield code="t">Mer.</subfield>
  </datafield>
  <datafield tag="700" ind1="1" ind2="2">
    <subfield code="i">Container of (work):</subfield>
    <subfield code="a">Honegger, Arthur,</subfield>
    <subfield code="d">1892-1955.</subfield>
    <subfield code="t">Symphonies,</subfield>
    <subfield code="n">no. 1.</subfield>
  </datafield>
  <datafield tag="700" ind1="1" ind2="2">
    <subfield code="i">Container of (work):</subfield>
    <subfield code="a">Dutilleux, Henri,</subfield>
    <subfield code="d">1916-2013.</subfield>
    <subfield code="t">Symphonies,</subfield>
    <subfield code="n">no. 2.</subfield>
  </datafield>
  <datafield tag="700" ind1="1" ind2="2">
    <subfield code="i">Container of (work):</subfield>
    <subfield code="a">Roussel, Albert,</subfield>
    <subfield code="d">1869-1937.</subfield>
    <subfield code="t">Bacchus et Ariane.</subfield>
    <subfield code="p">Suite,</subfield>
    <subfield code="n">no. 2.</subfield>
  </datafield>
  <datafield tag="710" ind1="2" ind2=" ">
    <subfield code="a">Radiodiffusion-Télévision française.</subfield>
    <subfield code="b">Orchestre national,</subfield>
    <subfield code="e">instrumentalist.</subfield>
  </datafield>
  <datafield tag="830" ind1=" " ind2="0">
    <subfield code="a">Grands concerts inédits du Théâtre des Champs-Elysées.</subfield>
  </datafield>
  <datafield tag="953" ind1=" " ind2=" ">
    <subfield code="a">TA28</subfield>
  </datafield>
  <datafield tag="991" ind1=" " ind2=" ">
    <subfield code="b">c-RecSound</subfield>
    <subfield code="h">Disques montaigne TCE 8730</subfield>
    <subfield code="w">MUSIC</subfield>
  </datafield>
</record>