
<record>
  <leader>03152cjm a2200805 i 4500</leader>
  <controlfield tag="001">5625704</controlfield>
  <controlfield tag="005">20200102114008.0</controlfield>
  <controlfield tag="007">sd fsngnnmmned</controlfield>
  <controlfield tag="008">900726p19891982gw opn|  h        | ger  </controlfield>
  <datafield tag="906" ind1=" " ind2=" ">
    <subfield code="a">7</subfield>
    <subfield code="b">cbc</subfield>
    <subfield code="c">copycat</subfield>
    <subfield code="d">2</subfield>
    <subfield code="e">ncip</subfield>
    <subfield code="f">20</subfield>
    <subfield code="g">y-soundrec</subfield>
  </datafield>
  <datafield tag="925" ind1="0" ind2=" ">
    <subfield code="a">acquire</subfield>
    <subfield code="b">2 shelf copies</subfield>
    <subfield code="x">policy default</subfield>
  </datafield>
  <datafield tag="955" ind1=" " ind2=" ">
    <subfield code="a">qr27 2019-12-09 z-client</subfield>
    <subfield code="i">qr27 2019-12-09 revised</subfield>
  </datafield>
  <datafield tag="010" ind1=" " ind2=" ">
    <subfield code="a">   90753361 </subfield>
  </datafield>
  <datafield tag="028" ind1="0" ind2="0">
    <subfield code="a">WER 60129-50</subfield>
    <subfield code="b">Wergo</subfield>
    <subfield code="q">(disc 1)</subfield>
  </datafield>
  <datafield tag="028" ind1="0" ind2="0">
    <subfield code="a">WER 60130-50</subfield>
    <subfield code="b">Wergo</subfield>
    <subfield code="q">(disc 2)</subfield>
  </datafield>
  <datafield tag="033" ind1="0" ind2=" ">
    <subfield code="a">19821130</subfield>
  </datafield>
  <datafield tag="035" ind1=" " ind2=" ">
    <subfield code="a">(OCoLC)ocm22494915</subfield>
  </datafield>
  <datafield tag="040" ind1=" " ind2=" ">
    <subfield code="a">DLC</subfield>
    <subfield code="b">eng</subfield>
    <subfield code="e">rda</subfield>
    <subfield code="c">DLC</subfield>
    <subfield code="d">OL$</subfield>
    <subfield code="d">OCLCO</subfield>
    <subfield code="d">OCLCA</subfield>
    <subfield code="d">OCLCF</subfield>
    <subfield code="d">OCLCQ</subfield>
    <subfield code="d">APL</subfield>
    <subfield code="d">DLC</subfield>
  </datafield>
  <datafield tag="041" ind1="0" ind2=" ">
    <subfield code="d">ger</subfield>
    <subfield code="g">ger</subfield>
    <subfield code="g">eng</subfield>
    <subfield code="m">ger</subfield>
  </datafield>
  <datafield tag="042" ind1=" " ind2=" ">
    <subfield code="a">lccopycat</subfield>
  </datafield>
  <datafield tag="045" ind1="0" ind2=" ">
    <subfield code="b">d1973</subfield>
  </datafield>
  <datafield tag="046" ind1=" " ind2=" ">
    <subfield code="k">1973</subfield>
    <subfield code="2">edtf</subfield>
  </datafield>
  <datafield tag="050" ind1="0" ind2="0">
    <subfield code="a">SDD 26531</subfield>
  </datafield>
  <datafield tag="082" ind1="0" ind2="4">
    <subfield code="a">782.1</subfield>
    <subfield code="2">22</subfield>
  </datafield>
  <datafield tag="100" ind1="1" ind2=" ">
    <subfield code="a">Henze, Hans Werner,</subfield>
    <subfield code="d">1926-2012,</subfield>
    <subfield code="e">composer.</subfield>
  </datafield>
  <datafield tag="240" ind1="1" ind2="0">
    <subfield code="a">Cubana</subfield>
  </datafield>
  <datafield tag="245" ind1="1" ind2="3">
    <subfield code="a">La Cubana, oder, Ein Leben für die Kunst :</subfield>
    <subfield code="b">Vaudeville in 5 Bildern nach Motiven von Miguel Barnet /</subfield>
    <subfield code="c">Hans Werner Henze ; text by Hans Magnus Enzensberger.</subfield>
  </datafield>
  <datafield tag="246" ind1="3" ind2="0">
    <subfield code="a">Leben für die Kunst</subfield>
  </datafield>
  <datafield tag="264" ind1=" " ind2="1">
    <subfield code="a">Mainz, W. Germany :</subfield>
    <subfield code="b">Wergo,</subfield>
    <subfield code="c">[1989]</subfield>
  </datafield>
  <datafield tag="264" ind1=" " ind2="4">
    <subfield code="c">℗1989</subfield>
  </datafield>
  <datafield tag="300" ind1=" " ind2=" ">
    <subfield code="a">2 audio discs (1 hr., 26 min., 54 sec.) :</subfield>
    <subfield code="b">digital ;</subfield>
    <subfield code="c">4 3/4 in.</subfield>
  </datafield>
  <datafield tag="306" ind1=" " ind2=" ">
    <subfield code="a">012654</subfield>
  </datafield>
  <datafield tag="336" ind1=" " ind2=" ">
    <subfield code="a">performed music</subfield>
    <subfield code="b">prm</subfield>
    <subfield code="2">rdacontent</subfield>
  </datafield>
  <datafield tag="337" ind1=" " ind2=" ">
    <subfield code="a">audio</subfield>
    <subfield code="b">s</subfield>
    <subfield code="2">rdamedia</subfield>
  </datafield>
  <datafield tag="338" ind1=" " ind2=" ">
    <subfield code="a">audio disc</subfield>
    <subfield code="b">sd</subfield>
    <subfield code="2">rdacarrier</subfield>
  </datafield>
  <datafield tag="344" ind1=" " ind2=" ">
    <subfield code="a">digital</subfield>
    <subfield code="2">rdatr</subfield>
  </datafield>
  <datafield tag="344" ind1=" " ind2=" ">
    <subfield code="b">optical</subfield>
    <subfield code="2">rdarm</subfield>
  </datafield>
  <datafield tag="344" ind1=" " ind2=" ">
    <subfield code="g">stereo</subfield>
    <subfield code="2">rdacpc</subfield>
  </datafield>
  <datafield tag="347" ind1=" " ind2=" ">
    <subfield code="a">audio file</subfield>
    <subfield code="2">rdaft</subfield>
  </datafield>
  <datafield tag="347" ind1=" " ind2=" ">
    <subfield code="b">CD audio</subfield>
  </datafield>
  <datafield tag="500" ind1=" " ind2=" ">
    <subfield code="a">Title from disc labels.</subfield>
  </datafield>
  <datafield tag="511" ind1="0" ind2=" ">
    <subfield code="a">Anja Silja, Berta Drews, Eberhard Büchner, Sylvia Anders, Brigitte Mira, Günter Reich, Trudeliese Schmidt, Charlotte Joeres, singers/performers ; other performers ; Hamburger Chor und Kammerorchester ; Ensemble Hinz &amp; Kunz Nachf. ; Jan Latham-König, conductor.</subfield>
  </datafield>
  <datafield tag="500" ind1=" " ind2=" ">
    <subfield code="a">&quot;Hörfunkversion des Westdeutschen Rundfunks.&quot;</subfield>
  </datafield>
  <datafield tag="518" ind1=" " ind2=" ">
    <subfield code="o">Recorded</subfield>
    <subfield code="d">1982 November 30.</subfield>
  </datafield>
  <datafield tag="500" ind1=" " ind2=" ">
    <subfield code="a">Analog recording.</subfield>
  </datafield>
  <datafield tag="500" ind1=" " ind2=" ">
    <subfield code="a">Program notes by the composer in German with English translation (24 pages) inserted in container.</subfield>
  </datafield>
  <datafield tag="650" ind1=" " ind2="0">
    <subfield code="a">Operas.</subfield>
  </datafield>
  <datafield tag="650" ind1=" " ind2="0">
    <subfield code="a">Musical theater.</subfield>
  </datafield>
  <datafield tag="650" ind1=" " ind2="0">
    <subfield code="a">Revues.</subfield>
  </datafield>
  <datafield tag="650" ind1=" " ind2="7">
    <subfield code="a">Music theater.</subfield>
    <subfield code="2">fast</subfield>
    <subfield code="0">(OCoLC)fst01030617</subfield>
  </datafield>
  <datafield tag="650" ind1=" " ind2="7">
    <subfield code="a">Operas.</subfield>
    <subfield code="2">fast</subfield>
    <subfield code="0">(OCoLC)fst01046191</subfield>
  </datafield>
  <datafield tag="655" ind1=" " ind2="7">
    <subfield code="a">Operas.</subfield>
    <subfield code="2">lcgft</subfield>
  </datafield>
  <datafield tag="655" ind1=" " ind2="7">
    <subfield code="a">Musical theater.</subfield>
    <subfield code="2">lcgft</subfield>
  </datafield>
  <datafield tag="655" ind1=" " ind2="7">
    <subfield code="a">Revues.</subfield>
    <subfield code="2">lcgft</subfield>
  </datafield>
  <datafield tag="700" ind1="1" ind2=" ">
    <subfield code="a">Enzensberger, Hans Magnus,</subfield>
    <subfield code="e">librettist.</subfield>
  </datafield>
  <datafield tag="700" ind1="1" ind2=" ">
    <subfield code="a">Silja, Anja,</subfield>
    <subfield code="e">performer.</subfield>
  </datafield>
  <datafield tag="700" ind1="1" ind2=" ">
    <subfield code="a">Drews, Berta,</subfield>
    <subfield code="e">performer.</subfield>
  </datafield>
  <datafield tag="700" ind1="1" ind2=" ">
    <subfield code="a">Büchner, Eberhard,</subfield>
    <subfield code="e">performer.</subfield>
  </datafield>
  <datafield tag="700" ind1="1" ind2=" ">
    <subfield code="a">Anders, Sylvia,</subfield>
    <subfield code="e">performer.</subfield>
  </datafield>
  <datafield tag="700" ind1="1" ind2=" ">
    <subfield code="a">Mira, Brigitte,</subfield>
    <subfield code="e">performer.</subfield>
  </datafield>
  <datafield tag="700" ind1="1" ind2=" ">
    <subfield code="a">Reich, Günter</subfield>
    <subfield code="c">(Baritone),</subfield>
    <subfield code="e">performer.</subfield>
  </datafield>
  <datafield tag="700" ind1="1" ind2=" ">
    <subfield code="a">Schmidt, Trudeliese,</subfield>
    <subfield code="e">performer.</subfield>
  </datafield>
  <datafield tag="700" ind1="1" ind2=" ">
    <subfield code="a">Joeres, Charlotte,</subfield>
    <subfield code="e">performer.</subfield>
  </datafield>
  <datafield tag="700" ind1="1" ind2=" ">
    <subfield code="a">Latham-Koenig, Jan,</subfield>
    <subfield code="d">1953-</subfield>
    <subfield code="e">conductor.</subfield>
  </datafield>
  <datafield tag="710" ind1="2" ind2=" ">
    <subfield code="a">Hamburger Chor,</subfield>
    <subfield code="e">performer.</subfield>
  </datafield>
  <datafield tag="710" ind1="2" ind2=" ">
    <subfield code="a">Hamburger Kammerorchester,</subfield>
    <subfield code="e">instrumentalist.</subfield>
  </datafield>
  <datafield tag="710" ind1="2" ind2=" ">
    <subfield code="a">Ensemble Hinz &amp; Kunz Nachf,</subfield>
    <subfield code="e">performer.</subfield>
  </datafield>
  <datafield tag="953" ind1=" " ind2=" ">
    <subfield code="a">TA28</subfield>
  </datafield>
  <datafield tag="985" ind1=" " ind2=" ">
    <subfield code="a">BibframePilot2</subfield>
    <subfield code="e">20190828</subfield>
  </datafield>
  <datafield tag="991" ind1=" " ind2=" ">
    <subfield code="b">c-RecSound</subfield>
    <subfield code="h">Wergo WER 60129-50--WER 60130-50</subfield>
    <subfield code="w">MUSIC</subfield>
  </datafield>
</record>