
<record>
  <leader>04028cjm a2200853 a 4500</leader>
  <controlfield tag="001">5626894</controlfield>
  <controlfield tag="005">20200102114631.0</controlfield>
  <controlfield tag="007">sd fmngnnmmnee</controlfield>
  <controlfield tag="008">901102p19871952fr mun|  di       | fre  </controlfield>
  <datafield tag="906" ind1=" " ind2=" ">
    <subfield code="a">7</subfield>
    <subfield code="b">cbc</subfield>
    <subfield code="c">copycat</subfield>
    <subfield code="d">2</subfield>
    <subfield code="e">ncip</subfield>
    <subfield code="f">20</subfield>
    <subfield code="g">y-soundrec</subfield>
  </datafield>
  <datafield tag="925" ind1="0" ind2=" ">
    <subfield code="a">acquire</subfield>
    <subfield code="b">2 shelf copies</subfield>
    <subfield code="x">policy default</subfield>
  </datafield>
  <datafield tag="955" ind1=" " ind2=" ">
    <subfield code="a">vk11 070 07-12-91</subfield>
    <subfield code="a">qr27 2019-12-09 z-client</subfield>
    <subfield code="i">qr27 2019-12-09 revised</subfield>
  </datafield>
  <datafield tag="010" ind1=" " ind2=" ">
    <subfield code="a">   90754695 </subfield>
  </datafield>
  <datafield tag="024" ind1="3" ind2=" ">
    <subfield code="a">3305721587609</subfield>
  </datafield>
  <datafield tag="028" ind1="0" ind2="2">
    <subfield code="a">TCE 8760</subfield>
    <subfield code="b">Disques Montaigne</subfield>
  </datafield>
  <datafield tag="033" ind1="0" ind2=" ">
    <subfield code="3">1st-2nd work</subfield>
    <subfield code="a">19520519</subfield>
    <subfield code="b">5834</subfield>
    <subfield code="c">P3</subfield>
  </datafield>
  <datafield tag="033" ind1="0" ind2=" ">
    <subfield code="3">3rd work</subfield>
    <subfield code="a">19550324</subfield>
    <subfield code="b">5834</subfield>
    <subfield code="c">P3</subfield>
  </datafield>
  <datafield tag="035" ind1=" " ind2=" ">
    <subfield code="a">(OCoLC)ocm22813559</subfield>
  </datafield>
  <datafield tag="040" ind1=" " ind2=" ">
    <subfield code="a">DLC</subfield>
    <subfield code="b">eng</subfield>
    <subfield code="c">DLC</subfield>
    <subfield code="d">OCLCO</subfield>
    <subfield code="d">OCLCA</subfield>
    <subfield code="d">OCLCQ</subfield>
    <subfield code="d">OCLCO</subfield>
    <subfield code="d">OCLCF</subfield>
    <subfield code="d">OCLCQ</subfield>
    <subfield code="d">OCLCA</subfield>
    <subfield code="d">DLC</subfield>
  </datafield>
  <datafield tag="041" ind1="0" ind2=" ">
    <subfield code="d">fre</subfield>
    <subfield code="d">lat</subfield>
    <subfield code="e">fre</subfield>
    <subfield code="e">lat</subfield>
    <subfield code="g">fre</subfield>
  </datafield>
  <datafield tag="042" ind1=" " ind2=" ">
    <subfield code="a">lccopycat</subfield>
  </datafield>
  <datafield tag="045" ind1="1" ind2=" ">
    <subfield code="b">d1914</subfield>
    <subfield code="b">d1944</subfield>
  </datafield>
  <datafield tag="047" ind1=" " ind2=" ">
    <subfield code="a">op</subfield>
    <subfield code="a">or</subfield>
    <subfield code="a">bt</subfield>
  </datafield>
  <datafield tag="048" ind1=" " ind2=" ">
    <subfield code="a">oa</subfield>
  </datafield>
  <datafield tag="050" ind1="0" ind2="0">
    <subfield code="a">SDD 31381</subfield>
  </datafield>
  <datafield tag="100" ind1="1" ind2=" ">
    <subfield code="a">Stravinsky, Igor,</subfield>
    <subfield code="d">1882-1971.</subfield>
  </datafield>
  <datafield tag="240" ind1="1" ind2="0">
    <subfield code="a">Works.</subfield>
    <subfield code="k">Selections</subfield>
  </datafield>
  <datafield tag="245" ind1="1" ind2="0">
    <subfield code="a">Œdipus Rex ;</subfield>
    <subfield code="b">Scénes de ballet ; Le rossignol /</subfield>
    <subfield code="c">Igor Stravinski.</subfield>
  </datafield>
  <datafield tag="260" ind1=" " ind2=" ">
    <subfield code="a">Paris :</subfield>
    <subfield code="b">Disques Montaigne,</subfield>
    <subfield code="c">℗1987.</subfield>
  </datafield>
  <datafield tag="300" ind1=" " ind2=" ">
    <subfield code="a">2 audio discs :</subfield>
    <subfield code="b">digital, mono ;</subfield>
    <subfield code="c">4 3/4 in.</subfield>
  </datafield>
  <datafield tag="306" ind1=" " ind2=" ">
    <subfield code="a">004050</subfield>
    <subfield code="a">001623</subfield>
    <subfield code="a">004820</subfield>
  </datafield>
  <datafield tag="336" ind1=" " ind2=" ">
    <subfield code="a">performed music</subfield>
    <subfield code="b">prm</subfield>
    <subfield code="2">rdacontent</subfield>
  </datafield>
  <datafield tag="337" ind1=" " ind2=" ">
    <subfield code="a">audio</subfield>
    <subfield code="b">s</subfield>
    <subfield code="2">rdamedia</subfield>
  </datafield>
  <datafield tag="338" ind1=" " ind2=" ">
    <subfield code="a">audio disc</subfield>
    <subfield code="b">sd</subfield>
    <subfield code="2">rdacarrier</subfield>
  </datafield>
  <datafield tag="344" ind1=" " ind2=" ">
    <subfield code="a">digital</subfield>
    <subfield code="2">rdatr</subfield>
  </datafield>
  <datafield tag="344" ind1=" " ind2=" ">
    <subfield code="b">optical</subfield>
    <subfield code="2">rdarm</subfield>
  </datafield>
  <datafield tag="344" ind1=" " ind2=" ">
    <subfield code="g">stereo</subfield>
    <subfield code="2">rdacpc</subfield>
  </datafield>
  <datafield tag="347" ind1=" " ind2=" ">
    <subfield code="a">audio file</subfield>
    <subfield code="2">rdaft</subfield>
  </datafield>
  <datafield tag="347" ind1=" " ind2=" ">
    <subfield code="b">CD audio</subfield>
  </datafield>
  <datafield tag="382" ind1="0" ind2="1">
    <subfield code="3">Oedipus Rex and Le rossignol</subfield>
    <subfield code="a">solo vocal ensemble</subfield>
    <subfield code="e">1</subfield>
    <subfield code="a">mixed chorus</subfield>
    <subfield code="e">1</subfield>
    <subfield code="a">orchestra</subfield>
    <subfield code="e">1</subfield>
    <subfield code="t">1</subfield>
    <subfield code="2">lcmpt</subfield>
  </datafield>
  <datafield tag="382" ind1="0" ind2="1">
    <subfield code="3">Scènes de ballet</subfield>
    <subfield code="a">orchestra</subfield>
    <subfield code="e">1</subfield>
    <subfield code="t">1</subfield>
    <subfield code="2">lcmpt</subfield>
  </datafield>
  <datafield tag="490" ind1="1" ind2=" ">
    <subfield code="a">Grands concerts inédits du Théâtre des Champs-Elysées</subfield>
  </datafield>
  <datafield tag="500" ind1=" " ind2=" ">
    <subfield code="a">First work: &quot;Opéra-oratorio en deux actes / livret de Jean Cocteau d&apos;après Sophocle ; traduction latine de Jean Daniélou&quot; (narration in French, sung portions in Latin) ; 3rd work: &quot;Conte lyrique en 3 actes / [de I. Stravinsky et S. Mitousoff] d&apos;après Andersen / version française de [M.D.] Calvocoressi.&quot;</subfield>
  </datafield>
  <datafield tag="511" ind1="0" ind2=" ">
    <subfield code="a">First work: Léopold Simoneau, tenor ; other singers ; Jean Cocteau, narrator ; Chœurs de la Radiodiffusion française ; Orchestre national ; Igor Stravinsky, conductor. 2nd work: Orchestre national ; Igor Stravinski, conductor. 3rd work: Janine Micheau, soprano ; Jean Giraudeau, tenor ; other singers ; Chœurs de la Radiodiffusion-Télévision française ; Orchestre national ; André Cluytens, conductor.</subfield>
  </datafield>
  <datafield tag="518" ind1=" " ind2=" ">
    <subfield code="a">Recordings of concerts of May 19, 1952 (1st-2nd works) and Mar. 24, 1955 (3rd work).</subfield>
  </datafield>
  <datafield tag="500" ind1=" " ind2=" ">
    <subfield code="a">Compact discs, analog recordings.</subfield>
  </datafield>
  <datafield tag="500" ind1=" " ind2=" ">
    <subfield code="a">Durations: 40:50; 16:23 48:20.</subfield>
  </datafield>
  <datafield tag="500" ind1=" " ind2=" ">
    <subfield code="a">Accompanying booklet (93 p. : ill.) includes program notes in French and librettos of 1st work in French and Latin and 3rd work in French.</subfield>
  </datafield>
  <datafield tag="650" ind1=" " ind2="0">
    <subfield code="a">Secular oratorios.</subfield>
  </datafield>
  <datafield tag="650" ind1=" " ind2="0">
    <subfield code="a">Operas.</subfield>
  </datafield>
  <datafield tag="650" ind1=" " ind2="0">
    <subfield code="a">Ballets.</subfield>
  </datafield>
  <datafield tag="655" ind1=" " ind2="7">
    <subfield code="a">Oratorios.</subfield>
    <subfield code="2">lcgft</subfield>
  </datafield>
  <datafield tag="655" ind1=" " ind2="7">
    <subfield code="a">Operas.</subfield>
    <subfield code="2">lcgft</subfield>
  </datafield>
  <datafield tag="655" ind1=" " ind2="7">
    <subfield code="a">Ballets (Music)</subfield>
    <subfield code="2">lcgft</subfield>
  </datafield>
  <datafield tag="655" ind1=" " ind2="7">
    <subfield code="a">Live sound recordings.</subfield>
    <subfield code="2">lcgft</subfield>
  </datafield>
  <datafield tag="700" ind1="1" ind2=" ">
    <subfield code="a">Simoneau, Léopold.</subfield>
    <subfield code="4">prf</subfield>
  </datafield>
  <datafield tag="700" ind1="1" ind2=" ">
    <subfield code="a">Cocteau, Jean,</subfield>
    <subfield code="d">1889-1963.</subfield>
    <subfield code="4">nrt</subfield>
  </datafield>
  <datafield tag="700" ind1="1" ind2=" ">
    <subfield code="a">Stravinsky, Igor,</subfield>
    <subfield code="d">1882-1971.</subfield>
    <subfield code="4">cnd</subfield>
  </datafield>
  <datafield tag="700" ind1="1" ind2=" ">
    <subfield code="a">Micheau, Janine.</subfield>
    <subfield code="4">prf</subfield>
  </datafield>
  <datafield tag="700" ind1="1" ind2=" ">
    <subfield code="a">Giraudeau, Jean,</subfield>
    <subfield code="d">1916-1995.</subfield>
    <subfield code="4">prf</subfield>
  </datafield>
  <datafield tag="700" ind1="1" ind2=" ">
    <subfield code="a">Cluytens, André.</subfield>
    <subfield code="4">cnd</subfield>
  </datafield>
  <datafield tag="700" ind1="1" ind2="2">
    <subfield code="a">Stravinsky, Igor,</subfield>
    <subfield code="d">1882-1971.</subfield>
    <subfield code="t">Oedipus Rex.</subfield>
  </datafield>
  <datafield tag="700" ind1="1" ind2="2">
    <subfield code="a">Stravinsky, Igor,</subfield>
    <subfield code="d">1882-1971.</subfield>
    <subfield code="t">Scènes de ballet.</subfield>
  </datafield>
  <datafield tag="700" ind1="1" ind2="2">
    <subfield code="a">Stravinsky, Igor,</subfield>
    <subfield code="d">1882-1971.</subfield>
    <subfield code="t">Soloveĭ.</subfield>
  </datafield>
  <datafield tag="710" ind1="2" ind2=" ">
    <subfield code="a">Radiodiffusion française.</subfield>
    <subfield code="b">Chœurs.</subfield>
    <subfield code="4">prf</subfield>
  </datafield>
  <datafield tag="710" ind1="2" ind2=" ">
    <subfield code="a">Radiodiffusion française.</subfield>
    <subfield code="b">Orchestre national.</subfield>
    <subfield code="4">prf</subfield>
  </datafield>
  <datafield tag="710" ind1="2" ind2=" ">
    <subfield code="a">Radiodiffusion-Télévision française.</subfield>
    <subfield code="b">Chœurs.</subfield>
    <subfield code="4">prf</subfield>
  </datafield>
  <datafield tag="710" ind1="2" ind2=" ">
    <subfield code="a">Radiodiffusion-Télévision française.</subfield>
    <subfield code="b">Orchestre national.</subfield>
    <subfield code="4">prf</subfield>
  </datafield>
  <datafield tag="740" ind1="0" ind2="2">
    <subfield code="a">Œedipus Rex.</subfield>
  </datafield>
  <datafield tag="740" ind1="0" ind2="2">
    <subfield code="a">Scénes de ballet.</subfield>
  </datafield>
  <datafield tag="740" ind1="0" ind2="2">
    <subfield code="a">Rossignol.</subfield>
  </datafield>
  <datafield tag="830" ind1=" " ind2="0">
    <subfield code="a">Grands concerts inédits du Théâtre des Champs-Elysées.</subfield>
  </datafield>
  <datafield tag="953" ind1=" " ind2=" ">
    <subfield code="a">TA28</subfield>
  </datafield>
  <datafield tag="991" ind1=" " ind2=" ">
    <subfield code="b">c-RecSound</subfield>
    <subfield code="h">Disques Montaigne TCE 8760</subfield>
    <subfield code="w">MUSIC</subfield>
  </datafield>
</record>